% Harmonic Analysis on MMs


@article {PiotsPekkaClassic1995Pointcareinequalityweak,
    AUTHOR = {Haj\l asz, Piotr and Koskela, Pekka},
     TITLE = {Sobolev meets {P}oincar\'{e}},
   JOURNAL = {C. R. Acad. Sci. Paris S\'{e}r. I Math.},
  FJOURNAL = {Comptes Rendus de l'Acad\'{e}mie des Sciences. S\'{e}rie I.
              Math\'{e}matique},
    VOLUME = {320},
      YEAR = {1995},
    NUMBER = {10},
     PAGES = {1211--1215},
      ISSN = {0764-4442},
   MRCLASS = {46E35},
  MRNUMBER = {1336257},
MRREVIEWER = {S. K. Vodop\cprime yanov},
}
		
@article {BesovMMs2008,
    AUTHOR = {Han, Yongsheng and M\"{u}ller, Detlef and Yang, Dachun},
     TITLE = {A theory of {B}esov and {T}riebel-{L}izorkin spaces on metric
              measure spaces modeled on {C}arnot-{C}arath\'{e}odory spaces},
   JOURNAL = {Abstr. Appl. Anal.},
  FJOURNAL = {Abstract and Applied Analysis},
      YEAR = {2008},
     PAGES = {Art. ID 893409, 250},
      ISSN = {1085-3375},
   MRCLASS = {46E35 (42B30 46B70 46E99)},
  MRNUMBER = {2485404},
MRREVIEWER = {Niko M. Marola},
       DOI = {10.1155/2008/893409},
       URL = {https://doi.org/10.1155/2008/893409},
}
@article {KorevaarSchoen1993,
    AUTHOR = {Korevaar, Nicholas J. and Schoen, Richard M.},
     TITLE = {Sobolev spaces and harmonic maps for metric space targets},
   JOURNAL = {Comm. Anal. Geom.},
  FJOURNAL = {Communications in Analysis and Geometry},
    VOLUME = {1},
      YEAR = {1993},
    NUMBER = {3-4},
     PAGES = {561--659},
      ISSN = {1019-8385},
   MRCLASS = {58E20 (46E35)},
  MRNUMBER = {1266480},
MRREVIEWER = {Guojun Liao},
       DOI = {10.4310/CAG.1993.v1.n4.a4},
       URL = {https://doi.org/10.4310/CAG.1993.v1.n4.a4},
}
	


@article {HajlaszsobolMMs1996,
    AUTHOR = {Haj\l asz, Piotr},
     TITLE = {Sobolev spaces on an arbitrary metric space},
   JOURNAL = {Potential Anal.},
  FJOURNAL = {Potential Analysis. An International Journal Devoted to the
              Interactions between Potential Theory, Probability Theory,
              Geometry and Functional Analysis},
    VOLUME = {5},
      YEAR = {1996},
    NUMBER = {4},
     PAGES = {403--415},
      ISSN = {0926-2601},
   MRCLASS = {46E35},
  MRNUMBER = {1401074},
MRREVIEWER = {J. Musielak},
       DOI = {10.1007/BF00275475},
       URL = {https://doi.org/10.1007/BF00275475},
}
		

% WGAN
@inproceedings{WGANTrainingNIPS2017892c3b1c,
 author = {Gulrajani, Ishaan and Ahmed, Faruk and Arjovsky, Martin and Dumoulin, Vincent and Courville, Aaron C},
 booktitle = {Advances in Neural Information Processing Systems},
 editor = {I. Guyon and U. V. Luxburg and S. Bengio and H. Wallach and R. Fergus and S. Vishwanathan and R. Garnett},
 pages = {5767--5777},
 publisher = {Curran Associates, Inc.},
 title = {Improved Training of Wasserstein GANs},
 url = {https://proceedings.neurips.cc/paper/2017/file/892c3b1c6dccd52936e27cbd0ff683d6-Paper.pdf},
 volume = {30},
 year = {2017}
}

@article{pmlrv70arjovsky17a, 
	title = {{W}asserstein Generative Adversarial Networks}, 
	author = {Martin Arjovsky and Soumith Chintala and L{\'e}on Bottou}, 
	pages = {214--223}, 
	year = {2017}, 
	editor = {Doina Precup and Yee Whye Teh}, 
	volume = {70}, 
	journal = {Proceedings of Machine Learning Research}, 
	publisher = {PMLR},
} 

  




% Narrow
@inproceedings{johnson2018deep,
title={Deep, Skinny Neural Networks are not Universal Approximators},
author={Jesse Johnson},
booktitle={International Conference on Learning Representations},
year={2019},
url={https://openreview.net/forum?id=ryGgSsAcFQ},
}


@article{park2020minimum,
	title={Minimum Width for Universal Approximation},
	author={Park, Sejun and Yun, Chulhee and Lee, Jaeho and Shin, Jinwoo},
	fjournal={International Conference on Learning Representations},
	journal={ICLR},
	year={2021}
}

% SWISH
@inproceedings{Swish2018ICLR,
title	= {Searching for Activation Functions},
author	= {Prajit Ramachandran and Barret Zoph and Quoc Le},
year	= {2018},
URL	= {https://arxiv.org/pdf/1710.05941.pdf},
booktitle = {International Conference of Learning Representations},
}
@inproceedings{46503,
title	= {Searching for Activation Functions},
author	= {Prajit Ramachandran and Barret Zoph and Quoc Le},
year	= {2018},
URL	= {https://arxiv.org/pdf/1710.05941.pdf},
booktitle = {International Conference of Learning Representations},
}


% Embedability
@article {Bowers2Embedability2017,
    AUTHOR = {Bowers, John C. and Bowers, Philip L.},
     TITLE = {A {M}enger redux: embedding metric spaces isometrically in
              {E}uclidean space},
   JOURNAL = {Amer. Math. Monthly},
  FJOURNAL = {American Mathematical Monthly},
    VOLUME = {124},
      YEAR = {2017},
    NUMBER = {7},
     PAGES = {621--636},
      ISSN = {0002-9890},
   MRCLASS = {51K05},
  MRNUMBER = {3681592},
MRREVIEWER = {Victor V. Pambuccian},
       DOI = {10.4169/amer.math.monthly.124.7.621},
       URL = {https://doi.org/10.4169/amer.math.monthly.124.7.621},
}
	

% Quantitative Deep
@article {QuantitativeDeepReLUSobolev,
    AUTHOR = {G\"{u}hring, Ingo and Kutyniok, Gitta and Petersen, Philipp},
     TITLE = {Error bounds for approximations with deep {R}e{LU} neural
              networks in {$W^{s,p}$} norms},
   JOURNAL = {Anal. Appl. (Singap.)},
  FJOURNAL = {Analysis and Applications},
    VOLUME = {18},
      YEAR = {2020},
    NUMBER = {5},
     PAGES = {803--859},
      ISSN = {0219-5305},
   MRCLASS = {41A30 (35A35 41A25 46E35 65N30 68T07)},
  MRNUMBER = {4131039},
       DOI = {10.1142/S0219530519410021},
       URL = {https://doi.org/10.1142/S0219530519410021},
}
		

@article{YAROTSKYSobolev,
title = "Error bounds for approximations with deep ReLU networks",
journal = "Neural Networks",
volume = "94",
pages = "103 - 114",
year = "2017",
issn = "0893-6080",
doi = "https://doi.org/10.1016/j.neunet.2017.07.002",
author = {Yarotsky, Dmitry},
}

@article {Yarotski,
    AUTHOR = {G\"{u}hring, Ingo and Kutyniok, Gitta and Petersen, Philipp},
     TITLE = {Error bounds for approximations with deep {R}e{LU} neural networks in {$W^{s,p}$} norms},
   JOURNAL = {Anal. Appl. (Singap.)},
  FJOURNAL = {Analysis and Applications},
    VOLUME = {18},
      YEAR = {2020},
    NUMBER = {5},
     PAGES = {803--859},
      ISSN = {0219-5305},
   MRCLASS = {41A30 (35A35 41A25 46E35 65N30 68T07)},
  MRNUMBER = {4131039},
       DOI = {10.1142/S0219530519410021},
       URL = {https://doi.org/10.1142/S0219530519410021},
}

% Quantitative Shallow
@ARTICLE{KulsowskiBarrow2018,  
author={J. M. {Klusowski} and A. R. {Barron}},  journal={IEEE Transactions on Information Theory},   title={Approximation by Combinations of ReLU and Squared ReLU Ridge Functions With  $\ell^1$  and  $\ell^0$  Controls},   year={2018},  volume={64},  number={12},  pages={7649-7656},  doi={10.1109/TIT.2018.2874447}}

@article{SIEGEL2020313,
title = "Approximation rates for neural networks with general activation functions",
journal = "Neural Networks",
volume = "128",
pages = "313 - 321",
year = "2020",
issn = "0893-6080",
doi = "https://doi.org/10.1016/j.neunet.2020.05.019",
url = "http://www.sciencedirect.com/science/article/pii/S0893608020301891",
author = "Jonathan W. Siegel and Jinchao Xu",
}

% More quantitative results
@article {Petrushev1999,
    AUTHOR = {Petrushev, Pencho P.},
     TITLE = {Approximation by ridge functions and neural networks},
   JOURNAL = {SIAM J. Math. Anal.},
  FJOURNAL = {SIAM Journal on Mathematical Analysis},
    VOLUME = {30},
      YEAR = {1999},
    NUMBER = {1},
     PAGES = {155--189},
      ISSN = {0036-1410},
   MRCLASS = {41A30 (41A25 41A29)},
  MRNUMBER = {1646689},
MRREVIEWER = {J. Szabados},
       DOI = {10.1137/S0036141097322959},
       URL = {https://doi.org/10.1137/S0036141097322959},
}

@article{mhaskar1996neural,
  title={Neural networks for optimal approximation of smooth and analytic functions},
  author={Mhaskar, Hrushikesh N},
  journal={Neural computation},
  volume={8},
  number={1},
  pages={164--177},
  year={1996},
  publisher={MIT Press}
}


% History
@article {mcculloch1943logical,
    AUTHOR = {McCulloch, Warren S. and Pitts, Walter},
     TITLE = {A logical calculus of the ideas immanent in nervous activity},
   JOURNAL = {Bull. Math. Biophys.},
  FJOURNAL = {The Bulletin of Mathematical Biophysics},
    VOLUME = {5},
      YEAR = {1943},
     PAGES = {115--133},
      ISSN = {0007-4985},
   MRCLASS = {92.0X},
  MRNUMBER = {10388},
MRREVIEWER = {C. E. Shannon},
       DOI = {10.1007/bf02478259},
       URL = {https://doi.org/10.1007/bf02478259},
}
		


% ODE Connections
@inproceedings{chen2018neural,
  title={Neural ordinary differential equations},
  author={Chen, Ricky TQ and Rubanova, Yulia and Bettencourt, Jesse and Duvenaud, David K},
  booktitle={Advances in neural information processing systems},
  pages={6571--6583},
  year={2018}
}


@misc{herrera2020neural,
      title={Neural Jump Ordinary Differential Equations}, 
      author={Calypso Herrera and Florian Krach and Josef Teichmann},
      year={2020},
      eprint={2006.04727},
      archivePrefix={arXiv},
      primaryClass={stat.ML}
}
@inproceedings{bai2019deep,
  title={Deep equilibrium models},
  author={Bai, Shaojie and Kolter, J Zico and Koltun, Vladlen},
  booktitle={Advances in Neural Information Processing Systems 33 2020},
	journal={NeurIPS},
	volume={33},
	year={2020}
	}



%%% TOP
@article{barannikov2020topological,
  title={Topological obstructions in neural networks learning},
  author={Barannikov, Serguei and Sotnikov, Grigorii and Trofimov, Ilya and Korotin, Alexander and Burnaev, Evgeny},
  journal={arXiv preprint arXiv:2012.15834},
  year={2020}
}

@inproceedings{NIPS2017_883e881b,
 author = {Hofer, Christoph and Kwitt, Roland and Niethammer, Marc and Uhl, Andreas},
 booktitle = {Advances in Neural Information Processing Systems},
 editor = {I. Guyon and U. V. Luxburg and S. Bengio and H. Wallach and R. Fergus and S. Vishwanathan and R. Garnett},
 pages = {1634--1644},
 publisher = {Curran Associates, Inc.},
 title = {Deep Learning with Topological Signatures},
 volume = {30},
 year = {2017}
}



@article{grigoryeva2020chaos,
  title={Chaos on compact manifolds: Differentiable synchronizations beyond Takens},
  author={Grigoryeva, Lyudmila and Hart, Allen and Ortega, Juan-Pablo},
  journal={arXiv preprint arXiv:2010.03218},
  year={2020}
}


@inproceedings{s2018spherical,
title={Spherical {CNN}s},
author={Taco S. Cohen and Mario Geiger and Jonas Köhler and Max Welling},
booktitle={International Conference on Learning Representations},
year={2018},
url={https://openreview.net/forum?id=Hkbd5xZRb},
}

@article{levie2018cayleynets,
  title={Cayleynets: Graph convolutional neural networks with complex rational spectral filters},
  author={Levie, Ron and Monti, Federico and Bresson, Xavier and Bronstein, Michael M},
  journal={IEEE Transactions on Signal Processing},
  volume={67},
  number={1},
  pages={97--109},
  year={2018},
  publisher={IEEE}
}

@article{kipf2017semisupervised,
      title={Semi-Supervised Classification with Graph Convolutional Networks}, 
      author={Thomas N. Kipf and Max Welling},
      year={2017},
  journal={International Conference on Learning Representations},
}

@inproceedings{huang2017riemannian,
  title={A riemannian network for spd matrix learning},
  author={Huang, Zhiwu and Van Gool, Luc},
  booktitle={Proceedings of the AAAI Conference on Artificial Intelligence - 31},
  year={2017}
}


@article{hauberg2013unscented,
  title={Unscented Kalman filtering on Riemannian manifolds},
  author={Hauberg, S{\o}ren and Lauze, Fran{\c{c}}ois and Pedersen, Kim Steenstrup},
  journal={Journal of mathematical imaging and vision},
  volume={46},
  number={1},
  pages={103--120},
  year={2013},
  publisher={Springer}
}


@article {MalagoWasserstein2018,
    AUTHOR = {Malag\`o, Luigi and Montrucchio, Luigi and Pistone, Giovanni},
     TITLE = {Wasserstein {R}iemannian geometry of {G}aussian densities},
   JOURNAL = {Inf. Geom.},
  FJOURNAL = {Information Geometry},
    VOLUME = {1},
      YEAR = {2018},
    NUMBER = {2},
     PAGES = {137--179},
      ISSN = {2511-2481},
   MRCLASS = {62B99 (15B48 53B05 60D05)},
  MRNUMBER = {3993926},
MRREVIEWER = {Marvin H. J. Gruber},
       DOI = {10.1007/s41884-018-0014-4},
       URL = {https://doi.org/10.1007/s41884-018-0014-4},
}

@article {DowsonLandau1982,
    AUTHOR = {Dowson, D. C. and Landau, B. V.},
     TITLE = {The {F}r\'{e}chet distance between multivariate normal
              distributions},
   JOURNAL = {J. Multivariate Anal.},
  FJOURNAL = {Journal of Multivariate Analysis},
    VOLUME = {12},
      YEAR = {1982},
    NUMBER = {3},
     PAGES = {450--455},
      ISSN = {0047-259X},
   MRCLASS = {62H05 (60E05)},
  MRNUMBER = {666017},
MRREVIEWER = {I. Olkin},
       DOI = {10.1016/0047-259X(82)90077-X},
       URL = {https://doi.org/10.1016/0047-259X(82)90077-X},
}

@article{lu2020universal,
      title={A Universal Approximation Theorem of Deep Neural Networks for Expressing Probability Distributions}, 
      author={Yulong Lu and Jianfeng Lu},
      fjournal={Advances in Neural Information Processing Systems 33 2020},
	journal={NeurIPS},
	volume={33},
	year={2020},
}

@InProceedings{pmlr-v119-perekrestenko20a,
  title = 	 {Constructive Universal High-Dimensional Distribution Generation through Deep {R}e{LU} Networks},
  author =       {Perekrestenko, Dmytro and M{\"u}ller, Stephan and B{\"o}lcskei, Helmut},
  booktitle = 	 {Proceedings of the 37th International Conference on Machine Learning},
  pages = 	 {7610--7619},
  year = 	 {2020},
  editor = 	 {Hal Daumé III and Aarti Singh},
  volume = 	 {119},
  series = 	 {Proceedings of Machine Learning Research},
  address = 	 {Virtual},
  month = 	 {13--18 Jul},
  publisher =    {PMLR},
  pdf = 	 {http://proceedings.mlr.press/v119/perekrestenko20a/perekrestenko20a.pdf},
}

@article{matousek2013computing,
  title={Computing higher homotopy groups is W [1]-hard},
  author={Matousek, Jiri},
  journal={arXiv preprint arXiv:1304.7705},
  year={2013}
}

@article {MR3268623,
    AUTHOR = {\v{C}adek, Martin and Kr\v{c}\'{a}l, Marek and Matou\v{s}ek, Ji\v{r}\'{\i} and
              Vok\v{r}\'{\i}nek, Luk\'{a}\v{s} and Wagner, Uli},
     TITLE = {Polynomial-time computation of homotopy groups and {P}ostnikov
              systems in fixed dimension},
   JOURNAL = {SIAM J. Comput.},
  FJOURNAL = {SIAM Journal on Computing},
    VOLUME = {43},
      YEAR = {2014},
    NUMBER = {5},
     PAGES = {1728--1780},
      ISSN = {0097-5397},
   MRCLASS = {68Q25 (55Q05)},
  MRNUMBER = {3268623},
       DOI = {10.1137/120899029},
       URL = {https://doi.org/10.1137/120899029},
}

@article {MR3874162,
    AUTHOR = {Dunlop, Matthew M. and Girolami, Mark A. and Stuart, Andrew M.
              and Teckentrup, Aretha L.},
     TITLE = {How deep are deep {G}aussian processes?},
   JOURNAL = {J. Mach. Learn. Res.},
  FJOURNAL = {Journal of Machine Learning Research (JMLR)},
    VOLUME = {19},
      YEAR = {2018},
     PAGES = {Paper No. 54, 46},
      ISSN = {1532-4435},
   MRCLASS = {60G15 (60J20 68T05)},
  MRNUMBER = {3874162},
}

@inproceedings{pmlr-v31-damianou13a,
 title = {Deep {G}aussian Processes}, 
 author = {Andreas Damianou and Neil D. Lawrence}, 
 booktitle = {Proceedings of the Sixteenth International Conference on Artificial Intelligence and Statistics}, 
 pages = {207--215}, 
 year = {2013}, 
 editor = {Carlos M. Carvalho and Pradeep Ravikumar}, volume = {31}, 
 series = {Proceedings of Machine Learning Research}, 
 publisher = {PMLR}} 

@article {MoakerMaherSPDIntrinsicMeans,
    AUTHOR = {Moakher, Maher},
     TITLE = {A differential geometric approach to the geometric mean of
              symmetric positive-definite matrices},
   JOURNAL = {SIAM J. Matrix Anal. Appl.},
  FJOURNAL = {SIAM Journal on Matrix Analysis and Applications},
    VOLUME = {26},
      YEAR = {2005},
    NUMBER = {3},
     PAGES = {735--747},
      ISSN = {0895-4798},
   MRCLASS = {15A48},
  MRNUMBER = {2137480},
       DOI = {10.1137/S0895479803436937},
       URL = {https://doi.org/10.1137/S0895479803436937},
}

@article{klingenberg1991simple,
    AUTHOR = {Klingenberg, Wilhelm},
     TITLE = {Simple closed geodesics on pinched spheres},
   JOURNAL = {J. Differential Geometry},
  FJOURNAL = {Journal of Differential Geometry},
    VOLUME = {2},
      YEAR = {1968},
     PAGES = {225--232},
      ISSN = {0022-040X},
   MRCLASS = {53.72 (57.00)},
  MRNUMBER = {242093},
MRREVIEWER = {J. R. Vanstone},
}

% SPHEREICAL DATA
@article {MR3852654,
    AUTHOR = {Dai, Xiongtao and M\"{u}ller, Hans-Georg},
     TITLE = {Principal component analysis for functional data on
              {R}iemannian manifolds and spheres},
   JOURNAL = {Ann. Statist.},
  FJOURNAL = {The Annals of Statistics},
    VOLUME = {46},
      YEAR = {2018},
    NUMBER = {6B},
     PAGES = {3334--3361},
      ISSN = {0090-5364},
   MRCLASS = {62G05 (62G20 62G99 62H25)},
  MRNUMBER = {3852654},
       DOI = {10.1214/17-AOS1660},
}
		

@article{JMLR:v8:hamsici07a,
  author  = {Onur C. Hamsici and Aleix M. Martinez},
  title   = {Spherical-Homoscedastic Distributions: The Equivalency of Spherical and Normal Distributions in Classification},
  journal = {Journal of Machine Learning Research},
  year    = {2007},
  volume  = {8},
  number  = {56},
  pages   = {1583-1623},
  url     = {http://jmlr.org/papers/v8/hamsici07a.html}
}

@InProceedings{pmlr-v38-straub15, title = {{A Dirichlet Process Mixture Model for Spherical Data}}, author = {Julian Straub and Jason Chang and Oren Freifeld and John Fisher III}, booktitle = {Proceedings of the Eighteenth International Conference on Artificial Intelligence and Statistics}, pages = {930--938}, year = {2015}, editor = {Guy Lebanon and S. V. N. Vishwanathan}, volume = {38}, series = {Proceedings of Machine Learning Research}, address = {San Diego, California, USA}, month = {09--12 May}, publisher = {PMLR}, pdf = {http://proceedings.mlr.press/v38/straub15.pdf}, url = {http://proceedings.mlr.press/v38/straub15.html}} 


@InProceedings{pmlr-v119-dutordoir20a, title = {Sparse {G}aussian Processes with Spherical Harmonic Features}, author = {Dutordoir, Vincent and Durrande, Nicolas and Hensman, James}, booktitle = {Proceedings of the 37th International Conference on Machine Learning}, pages = {2793--2802}, year = {2020}, editor = {Hal Daumé III and Aarti Singh}, volume = {119}, series = {Proceedings of Machine Learning Research}} 
% SPHEREICAL DATA: END

@book {Helgason2008,
    AUTHOR = {Helgason, Sigurdur},
     TITLE = {Geometric analysis on symmetric spaces},
    SERIES = {Mathematical Surveys and Monographs},
    VOLUME = {39},
   EDITION = {Second},
 PUBLISHER = {American Mathematical Society, Providence, RI},
      YEAR = {2008},
     PAGES = {xviii+637},
      ISBN = {978-0-8218-4530-1},
   MRCLASS = {22E46 (22E30 43A85 53C35 58J60)},
  MRNUMBER = {2463854},
MRREVIEWER = {Jacques Faraut},
       DOI = {10.1090/surv/039},
       URL = {https://doi.org/10.1090/surv/039},
}

@article {SimpleWasserstein2,
    AUTHOR = {Cuesta-Albertos, J. A. and R\"{u}schendorf, L. and Tuero-D\'{\i}az, A.},
     TITLE = {Optimal coupling of multivariate distributions and stochastic
              processes},
   JOURNAL = {J. Multivariate Anal.},
  FJOURNAL = {Journal of Multivariate Analysis},
    VOLUME = {46},
      YEAR = {1993},
    NUMBER = {2},
     PAGES = {335--361},
      ISSN = {0047-259X},
   MRCLASS = {60E99 (62H05)},
  MRNUMBER = {1240428},
MRREVIEWER = {Giorgio Dall'Aglio},
       DOI = {10.1006/jmva.1993.1064},
       URL = {https://doi.org/10.1006/jmva.1993.1064},
}

@article {VillaniOptTrans,
    AUTHOR = {Figalli, Alessio},
     TITLE = {{\it {O}ptimal transport: old and new} [book review of
              MR2459454]},
   JOURNAL = {Bull. Amer. Math. Soc. (N.S.)},
  FJOURNAL = {American Mathematical Society. Bulletin. New Series},
    VOLUME = {47},
      YEAR = {2010},
    NUMBER = {4},
     PAGES = {723--727},
      ISSN = {0273-0979},
   MRCLASS = {00A17},
  MRNUMBER = {2721045},
       DOI = {10.1090/S0273-0979-10-01285-1},
       URL = {https://doi.org/10.1090/S0273-0979-10-01285-1},
}


@article {FisherRaoOriginal1945,
    AUTHOR = {Radhakrishna Rao, C.},
     TITLE = {Information and the accuracy attainable in the estimation of
              statistical parameters},
   JOURNAL = {Bull. Calcutta Math. Soc.},
  FJOURNAL = {Bulletin of the Calcutta Mathematical Society},
    VOLUME = {37},
      YEAR = {1945},
     PAGES = {81--91},
      ISSN = {0008-0659},
   MRCLASS = {62.0X},
  MRNUMBER = {15748},
MRREVIEWER = {J. W. Tukey},
}

@article {Wasserstein2Gaussian,
    AUTHOR = {Malag\`o, Luigi and Montrucchio, Luigi and Pistone, Giovanni},
     TITLE = {Wasserstein {R}iemannian geometry of {G}aussian densities},
   JOURNAL = {Inf. Geom.},
  FJOURNAL = {Information Geometry},
    VOLUME = {1},
      YEAR = {2018},
    NUMBER = {2},
     PAGES = {137--179},
      ISSN = {2511-2481},
   MRCLASS = {62B99 (15B48 53B05 60D05)},
  MRNUMBER = {3993926},
MRREVIEWER = {Marvin H. J. Gruber},
       DOI = {10.1007/s41884-018-0014-4},
       URL = {https://doi.org/10.1007/s41884-018-0014-4},
}

@article {GeometryOfMultivariateNormal_Lie_Canada,
    AUTHOR = {Lovri\'{c}, Miroslav and Min-Oo, Maung and Ruh, Ernst A.},
     TITLE = {Multivariate normal distributions parametrized as a
              {R}iemannian symmetric space},
   JOURNAL = {J. Multivariate Anal.},
  FJOURNAL = {Journal of Multivariate Analysis},
    VOLUME = {74},
      YEAR = {2000},
    NUMBER = {1},
     PAGES = {36--48},
      ISSN = {0047-259X},
   MRCLASS = {62F10 (53C35 62B10 62H05)},
  MRNUMBER = {1790612},
MRREVIEWER = {John W. Rice},
       DOI = {10.1006/jmva.1999.1853},
       URL = {https://doi.org/10.1006/jmva.1999.1853},
}

@article {NashJohn,
    AUTHOR = {Nash, John},
     TITLE = {The imbedding problem for {R}iemannian manifolds},
   JOURNAL = {Ann. of Math. (2)},
  FJOURNAL = {Annals of Mathematics. Second Series},
    VOLUME = {63},
      YEAR = {1956},
     PAGES = {20--63},
      ISSN = {0003-486X},
   MRCLASS = {53.1X},
  MRNUMBER = {75639},
MRREVIEWER = {J. Schwartz},
       DOI = {10.2307/1969989},
       URL = {https://doi.org/10.2307/1969989},
}

@article {GeometryOfMultivariateNormal_Fisher_Rao,
    AUTHOR = {Skovgaard, Lene Theil},
     TITLE = {A {R}iemannian geometry of the multivariate normal model},
   JOURNAL = {Scand. J. Statist.},
  FJOURNAL = {Scandinavian Journal of Statistics. Theory and Applications},
    VOLUME = {11},
      YEAR = {1984},
    NUMBER = {4},
     PAGES = {211--223},
      ISSN = {0303-6898},
   MRCLASS = {62H05 (62B10 62H15)},
  MRNUMBER = {793171},
MRREVIEWER = {Mir Maswood Ali},
}

@Inbook{Rinow1964,
author="Rinow, W.",
title="{\"U}ber den Begriff der vollst{\"a}ndigen differentialgeometrischen Fl{\"a}che",
bookTitle="Selecta Heinz Hopf: Herausgegeben zu seinem 70. Geburtstag von der Eidgen{\"o}ssischen Technischen Hochschule Z{\"u}rich",
year="1964",
publisher="Springer Berlin Heidelberg",
address="Berlin, Heidelberg",
pages="64--79",
isbn="978-3-662-25046-4",
doi="10.1007/978-3-662-25046-4_5",
}

@Article{Lindelof_1894aa,
  author        = {Lindelöf, Ernst Leonard},
  file          = {Lindelof_1894aa.pdf},
  journal       = {Comptes rendus hebdomadaires des séances de l'Académie des sciences},
  keywords      = {ode,numerics},
  langid        = {french},
  pages         = {454--457},
  series        = {Comptes rendus de l'Académie des sciences},
  title         = {Sur l'application de la méthode des approximations successives aux équations différentielles ordinaires du premier ordre},
  url           = {http://gallica.bnf.fr/ark:/12148/bpt6k3074r},
  year          = {1894}
}

@misc{RiemannOriginal,
author={Riemann, Bernhard},
title={Ueber die Darstellbarkeit einer Function durch eine trigonometrische Reihe },
year={1854},
vol={13},
series = {Abhandlungen der Königlichen Gesellschaft der Wissenschaften zu Göttingen},
}

@book {FuchsFomenkoHomotopicalTopology2016Edition2,
    AUTHOR = {Fomenko, Anatoly and Fuchs, Dmitry},
     TITLE = {Homotopical topology},
    SERIES = {Graduate Texts in Mathematics},
    VOLUME = {273},
   EDITION = {Second},
 PUBLISHER = {Springer, [Cham]},
      YEAR = {2016},
     PAGES = {xi+627},
      ISBN = {978-3-319-23487-8; 978-3-319-23488-5},
   MRCLASS = {55-01 (19L10 19L20 55N10 55N20 55R20 55S10 55T15)},
  MRNUMBER = {3497000},
MRREVIEWER = {Thomas H\"{u}ttemann},
       DOI = {10.1007/978-3-319-23488-5},
       URL = {https://doi.org/10.1007/978-3-319-23488-5},
}
	


@book {McCoyNtantu1988TopoPropsFunctionSpaces1988,
    AUTHOR = {McCoy, Robert A. and Ntantu, Ibula},
     TITLE = {Topological properties of spaces of continuous functions},
    SERIES = {Lecture Notes in Mathematics},
    VOLUME = {1315},
 PUBLISHER = {Springer-Verlag, Berlin},
      YEAR = {1988},
     PAGES = {iv+124},
      ISBN = {3-540-19302-2},
   MRCLASS = {54C35 (54A25 54D10 54E15)},
  MRNUMBER = {953314},
MRREVIEWER = {J. E. Keesling},
       DOI = {10.1007/BFb0098389},
       URL = {https://doi.org/10.1007/BFb0098389},
}

@article {ArensDugundjiIntroTopoFunctionSpaces1951,
    AUTHOR = {Arens, Richard and Dugundji, James},
     TITLE = {Topologies for function spaces},
   JOURNAL = {Pacific J. Math.},
  FJOURNAL = {Pacific Journal of Mathematics},
    VOLUME = {1},
      YEAR = {1951},
     PAGES = {5--31},
      ISSN = {0030-8730},
   MRCLASS = {56.0X},
  MRNUMBER = {43447},
MRREVIEWER = {S. B. Myers},
       URL = {http://projecteuclid.org/euclid.pjm/1102613148},
}

@article {BouchairKelaiaiaComparisonTopologies2014,
    AUTHOR = {Bouchair, A. and Kelaiaia, S.},
     TITLE = {Comparison of some set open topologies on {$C(X,Y)$}},
   JOURNAL = {Topology Appl.},
  FJOURNAL = {Topology and its Applications},
    VOLUME = {178},
      YEAR = {2014},
     PAGES = {352--359},
      ISSN = {0166-8641},
   MRCLASS = {54C35},
  MRNUMBER = {3276751},
MRREVIEWER = {Ziqin Feng},
       DOI = {10.1016/j.topol.2014.10.008},
       URL = {https://doi.org/10.1016/j.topol.2014.10.008},
}

@article {HansenMappingSpaces1981,
    AUTHOR = {Hansen, Vagn Lundsgaard},
     TITLE = {On spaces of maps of {$n$}-manifolds into the {$n$}-sphere},
   JOURNAL = {Trans. Amer. Math. Soc.},
  FJOURNAL = {Transactions of the American Mathematical Society},
    VOLUME = {265},
      YEAR = {1981},
    NUMBER = {1},
     PAGES = {273--281},
      ISSN = {0002-9947},
   MRCLASS = {55P99 (58D15)},
  MRNUMBER = {607120},
MRREVIEWER = {L. S. Husch},
       DOI = {10.2307/1998494},
       URL = {https://doi.org/10.2307/1998494},
}
		

@article {KahnPeterFunctionSpacesofCWType1984,
    AUTHOR = {Kahn, Peter J.},
     TITLE = {Some function spaces of {CW} type},
   JOURNAL = {Proc. Amer. Math. Soc.},
  FJOURNAL = {Proceedings of the American Mathematical Society},
    VOLUME = {90},
      YEAR = {1984},
    NUMBER = {4},
     PAGES = {599--607},
      ISSN = {0002-9939},
   MRCLASS = {55P99 (54E60)},
  MRNUMBER = {733413},
MRREVIEWER = {Joel M. Cohen},
       DOI = {10.2307/2045037},
       URL = {https://doi.org/10.2307/2045037},
}

@article {MilnorHomotopyTypeCWComplexMappingSpace1959,
    AUTHOR = {Milnor, John},
     TITLE = {On spaces having the homotopy type of a {${\rm CW}$}-complex},
   JOURNAL = {Trans. Amer. Math. Soc.},
  FJOURNAL = {Transactions of the American Mathematical Society},
    VOLUME = {90},
      YEAR = {1959},
     PAGES = {272--280},
      ISSN = {0002-9947},
   MRCLASS = {55.00},
  MRNUMBER = {100267},
MRREVIEWER = {V. Gugenheim},
       DOI = {10.2307/1993204},
       URL = {https://doi.org/10.2307/1993204},
}

@book {HatcherAlgebraicTopology,
    AUTHOR = {Hatcher, Allen},
     TITLE = {Algebraic topology},
 PUBLISHER = {Cambridge University Press, Cambridge},
      YEAR = {2002},
     PAGES = {xii+544},
      ISBN = {0-521-79160-X; 0-521-79540-0},
   MRCLASS = {55-01 (55-00)},
  MRNUMBER = {1867354},
MRREVIEWER = {Donald W. Kahn},
}

@incollection {Survey2010TheHomotopyTheoryofFunctionSpaces,
    AUTHOR = {Smith, Samuel Bruce},
     TITLE = {The homotopy theory of function spaces: a survey},
 BOOKTITLE = {Homotopy theory of function spaces and related topics},
    SERIES = {Contemp. Math.},
    VOLUME = {519},
     PAGES = {3--39},
 PUBLISHER = {Amer. Math. Soc., Providence, RI},
      YEAR = {2010},
   MRCLASS = {55P15 (55P35 55P48 55Q52)},
  MRNUMBER = {2648701},
       DOI = {10.1090/conm/519/10228},
       URL = {https://doi.org/10.1090/conm/519/10228},
}
		

@article {DegenerateExamplesII,
    AUTHOR = {Cheeger, Jeff and Gromov, Mikhael},
     TITLE = {Collapsing {R}iemannian manifolds while keeping their
              curvature bounded. {II}},
   JOURNAL = {J. Differential Geom.},
  FJOURNAL = {Journal of Differential Geometry},
    VOLUME = {32},
      YEAR = {1990},
    NUMBER = {1},
     PAGES = {269--298},
      ISSN = {0022-040X},
   MRCLASS = {53C23},
  MRNUMBER = {1064875},
MRREVIEWER = {Jyh-Yang Wu},
       URL = {http://projecteuclid.org/euclid.jdg/1214445047},
}
		

@article {DegenerateExamplesI,
    AUTHOR = {Cheeger, Jeff and Gromov, Mikhael},
     TITLE = {Collapsing {R}iemannian manifolds while keeping their
              curvature bounded. {I}},
   JOURNAL = {J. Differential Geom.},
  FJOURNAL = {Journal of Differential Geometry},
    VOLUME = {23},
      YEAR = {1986},
    NUMBER = {3},
     PAGES = {309--346},
      ISSN = {0022-040X},
   MRCLASS = {53C20 (53C21 58G99)},
  MRNUMBER = {852159},
MRREVIEWER = {Karsten Grove},
       URL = {http://projecteuclid.org/euclid.jdg/1214440117},
}
		

@incollection {SpectralPaper,
    AUTHOR = {LeFloch, Philippe G.},
     TITLE = {Injectivity radius and optimal regularity of {L}orentzian
              manifolds with bounded curvature},
 BOOKTITLE = {Actes du {S}\'{e}minaire de {T}h\'{e}orie {S}pectrale et {G}\'{e}om\'{e}trie.
              {V}ol. 26. {A}nn\'{e}e 2007--2008},
    SERIES = {S\'{e}min. Th\'{e}or. Spectr. G\'{e}om.},
    VOLUME = {26},
     PAGES = {77--90},
 PUBLISHER = {Univ. Grenoble I, Saint-Martin-d'H\`eres},
      YEAR = {2009},
   MRCLASS = {53C50 (53C80)},
  MRNUMBER = {2654598},
MRREVIEWER = {Angel Ferr\'{a}ndez},
       DOI = {10.5802/tsg.261},
       URL = {https://doi.org/10.5802/tsg.261},
}

@article {EmbrechtsHofert,
    AUTHOR = {Embrechts, Paul and Hofert, Marius},
     TITLE = {A note on generalized inverses},
   JOURNAL = {Math. Methods Oper. Res.},
  FJOURNAL = {Mathematical Methods of Operations Research},
    VOLUME = {77},
      YEAR = {2013},
    NUMBER = {3},
     PAGES = {423--432},
      ISSN = {1432-2994},
   MRCLASS = {60E05 (26A48 62E15)},
  MRNUMBER = {3072795},
MRREVIEWER = {Roger B. Nelsen},
       DOI = {10.1007/s00186-013-0436-7},
       URL = {https://doi.org/10.1007/s00186-013-0436-7},
}
		

@article {CheegerGromovTaylorTheorem1982,
    AUTHOR = {Cheeger, Jeff and Gromov, Mikhail and Taylor, Michael},
     TITLE = {Finite propagation speed, kernel estimates for functions of
              the {L}aplace operator, and the geometry of complete
              {R}iemannian manifolds},
   JOURNAL = {J. Differential Geometry},
  FJOURNAL = {Journal of Differential Geometry},
    VOLUME = {17},
      YEAR = {1982},
    NUMBER = {1},
     PAGES = {15--53},
      ISSN = {0022-040X},
   MRCLASS = {58G30 (53C21)},
  MRNUMBER = {658471},
MRREVIEWER = {Helga Baum},
       URL = {http://projecteuclid.org/euclid.jdg/1214436699},
}

@book {BishopGeometry,
    AUTHOR = {Bishop, Richard L. and Crittenden, Richard J.},
     TITLE = {Geometry of manifolds},
 PUBLISHER = {AMS Chelsea Publishing, Providence, RI},
      YEAR = {2001},
     PAGES = {xii+273},
      ISBN = {0-8218-2923-8},
   MRCLASS = {53-01 (58-01)},
  MRNUMBER = {1852066},
       DOI = {10.1090/chel/344},
       URL = {https://doi.org/10.1090/chel/344},
}
		

@inproceedings{ZhouWidthUniversalApproximationReLU,
	author = {Lu, Zhou and Pu, Hongming and Wang, Feicheng and Hu, Zhiqiang and Wang, Liwei},
	booktitle = {Advances in Neural Information Processing Systems},
	pages = {6231--6239},
	publisher = {Curran Associates, Inc.},
	title = {The Expressive Power of Neural Networks: A View from the Width},
	volume = {30},
	year = {2017}
}


@article{Hannin,
	AUTHOR = {Hanin, Boris},
	TITLE = {Universal Function Approximation by Deep Neural Nets with Bounded Width and ReLU Activations},
	JOURNAL = {Mathematics - MDPI},
	VOLUME = {7},
	YEAR = {2019},
	NUMBER = {10},
}




@article{phelps1958subreflexive,
	AUTHOR = {Phelps, R. R.},
	TITLE = {Subreflexive normed linear spaces},
	JOURNAL = {Arch. Math. (Basel)},
	FJOURNAL = {Archiv der Mathematik},
	VOLUME = {8},
	YEAR = {1957},
	PAGES = {444--450},
	MRREVIEWER = {W. A. J. Luxemburg},
}


@book {LinearChaossogooodos,
	AUTHOR = {Grosse-Erdmann, Karl-G. and Peris Manguillot, Alfredo},
	TITLE = {Linear chaos},
	SERIES = {Universitext},
	PUBLISHER = {Springer, London},
	YEAR = {2011},
	PAGES = {xii+386},
}


@article {DatConvexBodyTho,
	AUTHOR = {Bessaga, Czes\l aw and Klee, Victor},
	TITLE = {Every non-normable {F}rechet space is homeomorphic with all of
	its closed convex bodies},
	JOURNAL = {Math. Ann.},
	FJOURNAL = {Mathematische Annalen},
	VOLUME = {163},
	YEAR = {1966},
	PAGES = {161--166},
}


@article{kadets1967proof,
	AUTHOR = {Kadec, M. I.},
	TITLE = {A proof of the topological equivalence of all separable
	infinite-dimensional {B}anach spaces},
	JOURNAL = {Funkcional. Anal. i Prilo\v{z}en.},
	FJOURNAL = {Akademija Nauk SSSR. Funkcional\cprime nyi Analiz i ego Prilo\v{z}enija},
	VOLUME = {1},
	YEAR = {1967},
	PAGES = {61--70},
}

@inproceedings{tan2018survey,
	author={Tan, Chuanqi
	and Sun, Fuchun
	and Kong, Tao
	and Zhang, Wenchang
	and Yang, Chao
	and Liu, Chunfang},
	editor={K{\r{u}}rkov{\'a}, V{\v{e}}ra
	and Manolopoulos, Yannis
	and Hammer, Barbara
	and Iliadis, Lazaros
	and Maglogiannis, Ilias},
	title={A Survey on Deep Transfer Learning},
	booktitle={Artificial Neural Networks and Machine Learning -- ICANN 2018},
	year={2018},
	publisher={Springer},
	pages={270--279},
}


@inproceedings{bengio2012deep,
	title = {Deep Learning of Representations for Unsupervised and Transfer Learning}, 
	author = {Yoshua Bengio}, 
	booktitle = {Proceedings of ICML Workshop on Unsupervised and Transfer Learning}, 
	pages = {17--36}, 
	year = {2012}, 
	volume = {27}, series = {Proceedings of Machine Learning Research}, 
	publisher = {JMLR Workshop and Conference Proceedings}, 
} 

@online{chollet2015keras,
	title={Keras},
	author={Chollet, Francois and others},
	year={2015},
	publisher={GitHub},
	url={https://keras.io/guides/transfer_learning/},
} 

@article{scarselli2008graph,
	author={F. {Scarselli} and M. {Gori} and A. C. {Tsoi} and M. {Hagenbuchner} and G. {Monfardini}},
	fjournal={IEEE Transactions on Neural Networks}, 
	journal={Neural Netw Learn Syst},
	title={The Graph Neural Network Model}, 
	year={2009},
	volume={20},
	number={1},
	pages={61-80},	
}

@article{kipf2016semi,
	title={Semi-supervised classification with graph convolutional networks},
	author={Kipf, Thomas N and Welling, Max},
	fjournal={International Conference on Learning Representations},
	journal={ICLR},
	year={2017}
}

@article{bishop1994mixture,
	title={Mixture density networks},
	author={Bishop, Christopher M},
	year={1994},
	publisher={unpublished},
	howpublished = {\url{https://research.aston.ac.uk/en/publications/mixture-density-networks}}
}

@article{hummel1992dynamic,
	author = {Hummel, John and Biederman, Irving},
	year = {1992},
	month = {08},
	pages = {480-517},
	title = {Dynamic Binding in a Neural Network for Shape Recognition},
	volume = {99},
	journal={Psych. Rev},
	fjournal = {Psychological review},
}

@article{baes2019lowrank,
	title={Low-Rank plus Sparse Decomposition of Covariance Matrices using Neural Network Parametrization}, 
	author={Michel Baes and Calypso Herrera and Ariel Neufeld and Pierre Ruyssen},
	journal={pre-print},
	year={2019},
	eprint={1908.00461},
	archivePrefix={arXiv},
	primaryClass={math.OC}
}


@article {BonnabelRegression,
	AUTHOR = {Meyer, Gilles and Bonnabel, Silv\`ere and Sepulchre, Rodolphe},
	TITLE = {Regression on fixed-rank positive semidefinite matrices: a
	{R}iemannian approach},
	JOURNAL = {J. Mach. Learn. Res.},
	FJOURNAL = {Journal of Machine Learning Research (JMLR)},
	VOLUME = {12},
	YEAR = {2011},
	PAGES = {593--625},
}

@article {SparseEffectiveNullstelesatz,
	AUTHOR = {Tuitman, Jan},
	TITLE = {A refinement of a mixed sparse effective {N}ullstellensatz},
	JOURNAL = {Int. Math. Res. Not. IMRN},
	FJOURNAL = {International Mathematics Research Notices. IMRN},
	YEAR = {2011},
	NUMBER = {7},
	PAGES = {1560--1572},
}

@article {GelfandDuality,
	AUTHOR = {Gelfand, I.},
	TITLE = {Normierte {R}inge},
	JOURNAL = {Rec. Math. N. S.},
	VOLUME = {9 (51)},
	YEAR = {1941},
	PAGES = {3--24},
}

@article {StoneDualityGeneralizedDimov2012,
	AUTHOR = {Dimov, Georgi D.},
	TITLE = {Some generalizations of the {S}tone duality theorem},
	JOURNAL = {Publ. Math. Debrecen},
	FJOURNAL = {Publicationes Mathematicae Debrecen},
	VOLUME = {80},
	YEAR = {2012},
	NUMBER = {3-4},
	PAGES = {255--293},
}


@article {IsbellDuality,
	AUTHOR = {Isbell, John R.},
	TITLE = {Structure of categories},
	JOURNAL = {Bull. Amer. Math. Soc.},
	FJOURNAL = {Bulletin of the American Mathematical Society},
	VOLUME = {72},
	YEAR = {1966},
	PAGES = {619--655},
}

@article{leshno1993multilayer,
	author = {Moshe Leshno and Vladimir Ya. Lin and Allan Pinkus and Shimon Schocken},
	title = {Multilayer feedforward networks with a nonpolynomial activation function can approximate any function},
	journal = {Neural Networks},
	volume = {6},
	number = {6},
	pages = {861 - 867},
	year = {1993},
}


@article {DamianoFilter,
	AUTHOR = {Brigo, Damiano and Hanzon, Bernard and LeGland, Fran\c{c}ois},
	TITLE = {A differential geometric approach to nonlinear filtering: the
	projection filter},
	JOURNAL = {IEEE Trans. Automat. Control},
	FJOURNAL = {Institute of Electrical and Electronics Engineers.
	Transactions on Automatic Control},
	VOLUME = {43},
	YEAR = {1998},
	NUMBER = {2},
	PAGES = {247--252},
}

@article {Carmonadynamicmodels,
	AUTHOR = {Carmona, Ren\'e and Nadtochiy, Sergey},
	TITLE = {Local volatility dynamic models},
	JOURNAL = {Finance Stoch.},
	FJOURNAL = {Finance and Stochastics},
	VOLUME = {13},
	YEAR = {2009},
	NUMBER = {1},
	PAGES = {1--48},
}


@article {CatTopTholen,
	AUTHOR = {Tholen, Walter},
	TITLE = {Book {R}eview: {T}heory of topological structures. {A}n
	approach to categorical topology},
	JOURNAL = {Bull. Amer. Math. Soc. (N.S.)},
	FJOURNAL = {American Mathematical Society. Bulletin. New Series},
	VOLUME = {21},
	YEAR = {1989},
	NUMBER = {1},
	PAGES = {149--152},
}


@book {NagataTopologyGen,
	AUTHOR = {Nagata, Jun-iti},
	TITLE = {Modern general topology},
	EDITION = {revised},
	NOTE = {Bibliotheca Mathematica, Vol. VII},
	PUBLISHER = {North-Holland Publishing Co., Amsterdam-London;
	Wolters-Noordhoff Publishing, Groningen; American Elsevier
	Publishing Co., New York},
	YEAR = {1974},
	PAGES = {x+365},
}

@book{HockingYoungTopoloy,
	AUTHOR = {Hocking, John G. and Young, Gail S.},
	TITLE = {Topology},
	EDITION = {Second},
	PUBLISHER = {Dover Publications, Inc., New York},
	YEAR = {1988},
	PAGES = {x+374},
}


@book{spanier1994algebraic,
	AUTHOR = {Spanier, Edwin H.},
	TITLE = {Algebraic topology},
	NOTE = {Corrected reprint of the 1966 original},
	PUBLISHER = {Springer-Verlag, New York},
	YEAR = {1995},
}




@article{maas2013rectifier,
	title={Rectifier nonlinearities improve neural network acoustic models},
	author={Maas, Andrew L and Hannun, Awni Y and Ng, Andrew Y},
	journal={ICML},
	fjournal={International Conference on Machine Learning},
	volume={30},
	number={1},
	pages={3},
	year={2013},
}

@article{NIPS2017_7213,
	title = {Poincar\'{e} Embeddings for Learning Hierarchical Representations},
	author = {Nickel, Maximillian and Kiela, Douwe},
	fjournal = {Advances in Neural Information Processing Systems 30},
	editor = {I. Guyon and U. V. Luxburg and S. Bengio and H. Wallach and R. Fergus and S. Vishwanathan and R. Garnett},
	pages = {6338--6347},
	year = {2017},
	publisher = {Curran Associates, Inc.},
	journal = {NeurIPS 20},
}


@misc{KaggleExpertDiscussion,
	title = handson-ml,
	howpublished={\url{note=https://github.com/ageron/handson-ml/tree/master/datasets/housing}},
	note = {Accessed: 2020-05-15}
}

@misc{KaggleCaliHousePrices,
	title = {California Housing Prices},
	howpublished = {\url{https://www.kaggle.com/camnugent/california-housing-prices}},
	note = {Accessed: 2020-05-15}
}

@book {LunardiInterpolationTheory,
	AUTHOR = {Lunardi, Alessandra},
	TITLE = {Interpolation theory},
	SERIES = {Appunti. Scuola Normale Superiore di Pisa (Nuova Serie)
	[Lecture Notes. Scuola Normale Superiore di Pisa (New
	Series)]},
	VOLUME = {16},
	NOTE = {Third edition [of  MR2523200]},
	PUBLISHER = {Edizioni della Normale, Pisa},
	YEAR = {2018},
	PAGES = {xiv+199},
}

@inproceedings{lu2017expressive,
	author = {Lu, Zhou and Pu, Hongming and Wang, Feicheng and Hu, Zhiqiang and Wang, Liwei},
	title = {The Expressive Power of Neural Networks: A View from the Width},
	year = {2017},
	publisher = {Curran Associates Inc.},
	address = {Red Hook, NY, USA},
	booktitle = {Proceedings of the 31st International Conference on Neural Information Processing Systems},
	pages = {6232–6240},
	numpages = {9},
	location = {Long Beach, California, USA},
	series = {NIPS’17}
}


@book{rudin2006real,
	AUTHOR = {Rudin, Walter},
	TITLE = {Real and complex analysis},
	EDITION = {Third},
	PUBLISHER = {McGraw-Hill Book Co., New York},
	YEAR = {1987},
	PAGES = {xiv+416},
}

@article{UniversalDeepConv,
	AUTHOR = {Zhou, Ding-Xuan},
	TITLE = {Universality of deep convolutional neural networks},
	JOURNAL = {Appl. Comput. Harmon. Anal.},
	FJOURNAL = {Applied and Computational Harmonic Analysis. Time-Frequency
	and Time-Scale Analysis, Wavelets, Numerical Algorithms, and
	Applications},
	VOLUME = {48},
	YEAR = {2020},
	NUMBER = {2},
	PAGES = {787--794},
}

@book{wengenroth2003derived,
	AUTHOR = {Wengenroth, Jochen},
	TITLE = {Derived functors in functional analysis},
	SERIES = {Lecture Notes in Mathematics},
	VOLUME = {1810},
	PUBLISHER = {Springer-Verlag, Berlin},
	YEAR = {2003},
	PAGES = {viii+134},
}

@book{SpanierTop1995,
	AUTHOR = {Spanier, Edwin H.},
	TITLE = {Algebraic topology},
	NOTE = {Corrected reprint of the 1966 original},
	PUBLISHER = {Springer-Verlag, New York},
	YEAR = {1995},
	PAGES = {xvi+528},
}


@incollection{slater2014lagrange,
	author={Slater, Morton},
	editor={Giorgi, Giorgio
	and Kjeldsen, Tinne Hoff},
	title={Lagrange Multipliers Revisited},
	bookTitle={Traces and Emergence of Nonlinear Programming},
	year={2014},
	publisher={Springer Basel},
	address={Basel},
	pages={293--306},
}



@article {ANewMultivariate,
	AUTHOR = {Sz\'{e}kely, G\'{a}bor J. and Rizzo, Maria L.},
	TITLE = {A new test for multivariate normality},
	JOURNAL = {J. Multivariate Anal.},
	FJOURNAL = {Journal of Multivariate Analysis},
	VOLUME = {93},
	YEAR = {2005},
	NUMBER = {1},
	PAGES = {58--80},
}



@article {DevaneyChaos,
	AUTHOR = {Banks, J. and Brooks, J. and Cairns, G. and Davis, G. and
	Stacey, P.},
	TITLE = {On {D}evaney's definition of chaos},
	JOURNAL = {Amer. Math. Monthly},
	FJOURNAL = {American Mathematical Monthly},
	VOLUME = {99},
	YEAR = {1992},
	NUMBER = {4},
	PAGES = {332--334},
}

@article {FranksAnosovDiffeoTorus,
	AUTHOR = {Franks, John},
	TITLE = {Anosov diffeomorphisms on tori},
	JOURNAL = {Trans. Amer. Math. Soc.},
	FJOURNAL = {Transactions of the American Mathematical Society},
	VOLUME = {145},
	YEAR = {1969},
	PAGES = {117--124},
}


@book {KreyszigIntroFunctionalandApplications1989,
	AUTHOR = {Kreyszig, Erwin},
	TITLE = {Introductory functional analysis with applications},
	SERIES = {Wiley Classics Library},
	PUBLISHER = {John Wiley \& Sons, Inc., New York},
	YEAR = {1989},
	PAGES = {xvi+688},
}


@book {PerezBonetBarrelLCSs,
	AUTHOR = {P\'{e}rez Carreras, Pedro and Bonet, Jos\'{e}},
	TITLE = {Barrelled locally convex spaces},
	SERIES = {North-Holland Mathematics Studies},
	VOLUME = {131},
	NOTE = {Notas de Matem\'{a}tica [Mathematical Notes], 113},
	PUBLISHER = {North-Holland Publishing Co., Amsterdam},
	YEAR = {1987},
	PAGES = {xvi+512},
}

@article {GrivauxPerscribed,
	AUTHOR = {Grivaux, Sophie},
	TITLE = {Construction of operators with prescribed behaviour},
	JOURNAL = {Arch. Math. (Basel)},
	FJOURNAL = {Archiv der Mathematik},
	VOLUME = {81},
	YEAR = {2003},
	NUMBER = {3},
	PAGES = {291--299},
}

@incollection {GeodefroyKaltonRemembering,
	AUTHOR = {Godefroy, G. and Kalton, N. J.},
	TITLE = {{L}ipschitz-free {B}anach spaces},
	NOTE = {Dedicated to Professor Aleksander Pe\l czy\'{n}ski on the occasion
	of his 70th birthday},
	JOURNAL = {Studia Math.},
	FJOURNAL = {Studia Mathematica},
	VOLUME = {159},
	YEAR = {2003},
	NUMBER = {1},
	PAGES = {121--141},
}



@article {Ansari,
	AUTHOR = {Ansari, Shamim I.},
	TITLE = {Existence of hypercyclic operators on topological vector
	spaces},
	JOURNAL = {J. Funct. Anal.},
	FJOURNAL = {Journal of Functional Analysis},
	VOLUME = {148},
	YEAR = {1997},
	NUMBER = {2},
	PAGES = {384--390},
}

@article {Bernal,
	AUTHOR = {Bernal-Gonz\'{a}lez, Luis},
	TITLE = {On hypercyclic operators on {B}anach spaces},
	JOURNAL = {Proc. Amer. Math. Soc.},
	FJOURNAL = {Proceedings of the American Mathematical Society},
	VOLUME = {127},
	YEAR = {1999},
	NUMBER = {4},
	PAGES = {1003--1010},
}


@article {ConstructiveKASuperposition,
	AUTHOR = {Braun, J\"{u}rgen and Griebel, Michael},
	TITLE = {On a constructive proof of {K}olmogorov's superposition
	theorem},
	JOURNAL = {Constr. Approx.},
	FJOURNAL = {Constructive Approximation. An International Journal for
	Approximations and Expansions},
	VOLUME = {30},
	YEAR = {2009},
	NUMBER = {3},
	PAGES = {653--675},
}


@article {Bayart,
	AUTHOR = {Bayart, Fr\'{e}d\'{e}ric and Darji, Udayan B. and Pires, Benito},
	TITLE = {Topological transitivity and mixing of composition operators},
	JOURNAL = {J. Math. Anal. Appl.},
	FJOURNAL = {Journal of Mathematical Analysis and Applications},
	VOLUME = {465},
	YEAR = {2018},
	NUMBER = {1},
	PAGES = {125--139},
}

@article {KalmesDynamicsWeightCompOpLocFunctSpaces2019,
	AUTHOR = {Kalmes, Thomas},
	TITLE = {Dynamics of weighted composition operators on function spaces
	defined by local properties},
	JOURNAL = {Studia Math.},
	FJOURNAL = {Studia Mathematica},
	VOLUME = {249},
	YEAR = {2019},
	NUMBER = {3},
	PAGES = {259--301},
}

@book {SinghManhasCompositionOpsFunSpaces1993,
	AUTHOR = {Singh, R. K. and Manhas, J. S.},
	TITLE = {Composition operators on function spaces},
	SERIES = {North-Holland Mathematics Studies},
	VOLUME = {179},
	PUBLISHER = {North-Holland Publishing Co., Amsterdam},
	YEAR = {1993},
	PAGES = {x+315},
}



@book {RyanTEnsorBan,
	AUTHOR = {Ryan, Raymond A.},
	TITLE = {Introduction to tensor products of {B}anach spaces},
	SERIES = {Springer Monographs in Mathematics},
	PUBLISHER = {Springer-Verlag London, Ltd., London},
	YEAR = {2002},
	PAGES = {xiv+225},
}



@inproceedings{maas2013rectifier,
	title={Rectifier nonlinearities improve neural network acoustic models},
	author={Maas, Andrew L and Hannun, Awni Y and Ng, Andrew Y},
	booktitle={Proc. icml},
	volume={30},
	number={1},
	pages={3},
	year={2013},
	journal={ICML},
	fjournal={International Conference on Machine Learning}
}

@book {KoetheTVSII,
	AUTHOR = {K\"{o}the, Gottfried},
	TITLE = {Topological vector spaces. {II}},
	SERIES = {Grundlehren der Mathematischen Wissenschaften [Fundamental
	Principles of Mathematical Science]},
	VOLUME = {237},
	PUBLISHER = {Springer-Verlag, New York-Berlin},
	YEAR = {1979},
	PAGES = {xii+331},
}


@incollection {GorthendieckNuclearThesisQ,
	AUTHOR = {Grothendieck, A.},
	TITLE = {Produits tensoriels topologiques et espaces nucl\'{e}aires},
	BOOKTITLE = {S\'{e}minaire {B}ourbaki, {V}ol. 2},
	PAGES = {Exp. No. 69, 193--200},
	PUBLISHER = {Soc. Math. France, Paris},
	YEAR = {1995},
}

@book {SchaeferTVSs,
	AUTHOR = {Schaefer, H. H. and Wolff, M. P.},
	TITLE = {Topological vector spaces},
	SERIES = {Graduate Texts in Mathematics},
	VOLUME = {3},
	EDITION = {Second},
	PUBLISHER = {Springer-Verlag, New York},
	YEAR = {1999},
	PAGES = {xii+346},
}




@article {SaxonNarayanaswamiLFnotMetrizable,
	AUTHOR = {Narayanaswami, P. P. and Saxon, Stephen A.},
	TITLE = {({LF})-spaces, quasi-{B}aire spaces and the strongest locally
	convex topology},
	JOURNAL = {Math. Ann.},
	FJOURNAL = {Mathematische Annalen},
	VOLUME = {274},
	YEAR = {1986},
	NUMBER = {4},
	PAGES = {627--641},
}



@book {Terryintroducedmeasuretheory,
	AUTHOR = {Tao, Terence},
	TITLE = {An introduction to measure theory},
	SERIES = {Graduate Studies in Mathematics},
	VOLUME = {126},
	PUBLISHER = {American Mathematical Society, Providence, RI},
	YEAR = {2011},
	PAGES = {xvi+206},
}

@article {ErnestTExtensionGeneralization,
	AUTHOR = {Michael, Ernest},
	TITLE = {Some extension theorems for continuous functions},
	JOURNAL = {Pacific J. Math.},
	FJOURNAL = {Pacific Journal of Mathematics},
	VOLUME = {3},
	YEAR = {1953},
	PAGES = {789--806},
	ISSN = {0030-8730},
}


@book {OxtobyMeasureandCategory,
	AUTHOR = {Oxtoby, John C.},
	TITLE = {Measure and category},
	SERIES = {Graduate Texts in Mathematics},
	VOLUME = {2},
	EDITION = {Second},
	NOTE = {A survey of the analogies between topological and measure
	spaces},
	PUBLISHER = {Springer-Verlag, New York-Berlin},
	YEAR = {1980},
	PAGES = {x+106},
}

@article {FosgerauWhenBaireandBorelCoincide,
	AUTHOR = {Fosgerau, Mogens},
	TITLE = {When are {B}orel functions {B}aire functions?},
	JOURNAL = {Fund. Math.},
	FJOURNAL = {Fundamenta Mathematicae},
	VOLUME = {143},
	YEAR = {1993},
	NUMBER = {2},
	PAGES = {137--152},
}

@book {NatansonFunctionalAnalysisWithSetTheoryVibes,
	AUTHOR = {Natanson, I. P.},
	TITLE = {Theorie der {F}unktionen einer reellen {V}er\"{a}nderlichen},
	SERIES = {Mathematische Lehrb\"{u}cher und Monographien, I. Abteilung:
	Mathematische Lehrb\"{u}cher [Mathematical Textbooks and
	Monographs, Part I: Mathematical Textbooks], VI},
	EDITION = {Russian},
	EDITION = {Fifth},
	NOTE = {Edited by Karl B\"{o}gel},
	PUBLISHER = {Akademie-Verlag, Berlin},
	YEAR = {1981},
	PAGES = {xii+590},
}


@article {MR2200797,
	AUTHOR = {Forti, M. and Grazzini, M. and Nistri, P. and Pancioni, L.},
	TITLE = {Generalized {L}yapunov approach for convergence of neural
	networks with discontinuous or non-{L}ipschitz activations},
	JOURNAL = {Phys. D},
	FJOURNAL = {Physica D. Nonlinear Phenomena},
	VOLUME = {214},
	YEAR = {2006},
	NUMBER = {1},
	PAGES = {88--99},
	ISSN = {0167-2789},
}


\textbf{%}% General References


@article{FrechetSpaceHomeomorphic,
	AUTHOR = {Bessaga, Czes\l aw and Klee, Victor},
	TITLE = {Every non-normable {F}rechet space is homeomorphic with all of
	its closed convex bodies},
	JOURNAL = {Math. Ann.},
	FJOURNAL = {Mathematische Annalen},
	VOLUME = {163},
	YEAR = {1966},
	PAGES = {161--166},
	ISSN = {0025-5831},
}


@article {AllSepFrechetsAreABunchofNiceLinesWowCoolStoryBrah,
	AUTHOR = {Anderson, R. D. and Bing, R. H.},
	TITLE = {A complete elementary proof that {H}ilbert space is
	homeomorphic to the countable infinite product of lines},
	JOURNAL = {Bull. Amer. Math. Soc.},
	FJOURNAL = {Bulletin of the American Mathematical Society},
	VOLUME = {74},
	YEAR = {1968},
	PAGES = {771--792},
	ISSN = {0002-9904},
}

@article {MartinsAxiom,
	AUTHOR = {Martin, D. A. and Solovay, R. M.},
	TITLE = {Internal {C}ohen extensions},
	JOURNAL = {Ann. Math. Logic},
	FJOURNAL = {Annals of Mathematical Logic},
	VOLUME = {2},
	YEAR = {1970},
	NUMBER = {2},
	PAGES = {143--178},
}


@article{gelfand1936lemme,
	title={Sur un lemme de la th{\'e}orie des espaces lin{\'e}aires},
	author={Gelfand, Izrail Moiseevich},
	journal={Comm. Inst. Sci. Math. de Kharko},
	volume={13},
	number={4},
	pages={35--40},
	year={1936}
}


@book {ItoProb,
	AUTHOR = {It\B{o}, Kiyosi},
	TITLE = {Introduction to probability theory},
	NOTE = {Translated from the Japanese by the author},
	PUBLISHER = {Cambridge University Press, Cambridge},
	YEAR = {1984},
	PAGES = {x+213},
}




@book {KammlerFourier,
	AUTHOR = {Kammler, David W.},
	TITLE = {A first course in {F}ourier analysis},
	EDITION = {Second},
	PUBLISHER = {Cambridge University Press, Cambridge},
	YEAR = {2007},
	PAGES = {xviii+798+A38+I7},
}


@article {WienerandhisTauberianTheorems,
	AUTHOR = {Wiener, Norbert},
	TITLE = {Tauberian theorems},
	JOURNAL = {Ann. of Math. (2)},
	FJOURNAL = {Annals of Mathematics. Second Series},
	VOLUME = {33},
	YEAR = {1932},
	NUMBER = {1},
	PAGES = {1--100},
}



@article {HoffmannContinuityOfInverseStrictlyMonotone,
	AUTHOR = {Hoffmann, Heiko},
	TITLE = {On the continuity of the inverses of strictly monotonic
	functions},
	JOURNAL = {Irish Math. Soc. Bull.},
	FJOURNAL = {Irish Mathematical Society Bulletin},
	NUMBER = {75},
	YEAR = {2015},
	PAGES = {45--57},
}

@article {hopfieldStabilityNNsDiscontinuousActivation,
	AUTHOR = {Duan, Lian and Huang, Lihong and Guo, Zhenyuan},
	TITLE = {Stability and almost periodicity for delayed high-order
	{H}opfield neural networks with discontinuous activations},
	JOURNAL = {Nonlinear Dynam.},
	FJOURNAL = {Nonlinear Dynamics. An International Journal of Nonlinear
	Dynamics and Chaos in Engineering Systems},
	VOLUME = {77},
	YEAR = {2014},
	NUMBER = {4},
	PAGES = {1469--1484},
}


@article {PrzestackiHypercycliconContinuous,
	AUTHOR = {Przestacki, A.},
	TITLE = {Dynamical properties of weighted composition operators on the
	space of smooth functions},
	JOURNAL = {J. Math. Anal. Appl.},
	FJOURNAL = {Journal of Mathematical Analysis and Applications},
	VOLUME = {445},
	YEAR = {2017},
	NUMBER = {1},
	PAGES = {1097--1113},
}

%% ACTIVATIONS
@article {ProllaWeightedSpaces,
	AUTHOR = {Prolla, Jo\~{a}o B.},
	TITLE = {Weighted spaces of vector-valued continuous functions},
	JOURNAL = {Ann. Mat. Pura Appl. (4)},
	FJOURNAL = {Annali di Matematica Pura ed Applicata. Serie Quarta},
	VOLUME = {89},
	YEAR = {1971},
	PAGES = {145--157},
}

@article {Vanishingatinfinity,
	AUTHOR = {Behrends, Ehrhard and Schmidt-Bichler, Ursula},
	TITLE = {{$M$}-structure and the {B}anach-{S}tone theorem},
	JOURNAL = {Studia Math.},
	FJOURNAL = {Polska Akademia Nauk. Instytut Matematyczny. Studia
	Mathematica},
	VOLUME = {69},
	YEAR = {1980/81},
	NUMBER = {1},
	PAGES = {33--40},
}



@InProceedings{kidger2019universal, 
	title = {{Universal Approximation with Deep Narrow Networks}}, 
	author = {Kidger, Patrick and Lyons, Terry}, 
	pages = {2306--2327}, 
	year = {2020}, 
	editor = {Jacob Abernethy and Shivani Agarwal}, 
	volume = {125}, 
	booktitle = {Proceedings of Machine Learning Research}, 
	month = {09--12 Jul}, 
	publisher = {PMLR}, 
} 

@article {ExplicitConstructionHypercyclicVectorsGeneralBackshiftOperatorSeulveda,
	AUTHOR = {Seoane-Sep\'{u}lveda, Juan B.},
	TITLE = {Explicit constructions of dense common hypercyclic subspaces},
	JOURNAL = {Publ. Res. Inst. Math. Sci.},
	FJOURNAL = {Kyoto University. Research Institute for Mathematical
	Sciences. Publications},
	VOLUME = {43},
	YEAR = {2007},
	NUMBER = {2},
	PAGES = {373--384},
}

@article {DieudonneSchwartz,
	AUTHOR = {Dieudonn\'{e}, Jean and Schwartz, Laurent},
	TITLE = {La dualit\'{e} dans les espaces {F} et {LF}},
	JOURNAL = {Ann. Inst. Fourier (Grenoble)},
	FJOURNAL = {Universit\'{e} de Grenoble. Annales de l'Institut Fourier},
	VOLUME = {1},
	YEAR = {1949},
	PAGES = {61--101},
}

@article {ConstructionHypercyclicVectorsAronSpeulvedaWeber,
	AUTHOR = {Aron, Richard M. and Seoane-Sep\'{u}lveda, Juan B. and Weber,
	Andreas},
	TITLE = {Chaos on function spaces},
	JOURNAL = {Bull. Austral. Math. Soc.},
	FJOURNAL = {Bulletin of the Australian Mathematical Society},
	VOLUME = {71},
	YEAR = {2005},
	NUMBER = {3},
	PAGES = {411--415},
}

@article {MR2274454,
	AUTHOR = {Micchelli, Charles A. and Xu, Yuesheng and Zhang, Haizhang},
	TITLE = {Universal kernels},
	JOURNAL = {J. Mach. Learn. Res.},
	FJOURNAL = {Journal of Machine Learning Research (JMLR)},
	VOLUME = {7},
	YEAR = {2006},
	PAGES = {2651--2667},
}

@article {MR2520802,
	AUTHOR = {Kontorovich, Leonid and Nadler, Boaz},
	TITLE = {Universal kernel-based learning with applications to regular
	languages},
	JOURNAL = {J. Mach. Learn. Res.},
	FJOURNAL = {Journal of Machine Learning Research (JMLR)},
	VOLUME = {10},
	YEAR = {2009},
	PAGES = {1095--1129},
}

@article {MR2426053,
	AUTHOR = {Caponnetto, Andrea and Micchelli, Charles A. and Pontil,
	Massimiliano and Ying, Yiming},
	TITLE = {Universal multi-task kernels},
	JOURNAL = {J. Mach. Learn. Res.},
	FJOURNAL = {Journal of Machine Learning Research (JMLR)},
	VOLUME = {9},
	YEAR = {2008},
	PAGES = {1615--1646},
}

@article{becker2019deep,
	AUTHOR = {Becker, Sebastian and Cheridito, Patrick and Jentzen, Arnulf},
	TITLE = {Deep optimal stopping},
	JOURNAL = {J. Mach. Learn. Res.},
	FJOURNAL = {Journal of Machine Learning Research (JMLR)},
	VOLUME = {20},
	YEAR = {2019},
	PAGES = {Paper No. 74, 25},
}




@article {JPLG2019,
	AUTHOR = {Grigoryeva, Lyudmila and Ortega, Juan-Pablo},
	TITLE = {Differentiable reservoir computing},
	JOURNAL = {J. Mach. Learn. Res.},
	FJOURNAL = {Journal of Machine Learning Research (JMLR)},
	VOLUME = {20},
	YEAR = {2019},
	PAGES = {Paper No. 179, 62},
}


@article {JPLG2018,
	AUTHOR = {Grigoryeva, Lyudmila and Ortega, Juan-Pablo},
	TITLE = {Universal discrete-time reservoir computers with stochastic
	inputs and linear readouts using non-homogeneous state-affine
	systems},
	JOURNAL = {J. Mach. Learn. Res.},
	FJOURNAL = {Journal of Machine Learning Research (JMLR)},
	VOLUME = {19},
	YEAR = {2018},
	PAGES = {Paper No. 24, 40},
}


@book {MesuringCats,
	AUTHOR = {Oxtoby, John C.},
	TITLE = {Measure and category},
	SERIES = {Graduate Texts in Mathematics},
	VOLUME = {2},
	EDITION = {Second},
	NOTE = {A survey of the analogies between topological and measure
	spaces},
	PUBLISHER = {Springer-Verlag, New York-Berlin},
	YEAR = {1980},
	PAGES = {x+106},
}


@book {HandbookMeasureoski,
	TITLE = {Handbook of measure theory. {V}ol. {I}, {II}},
	EDITOR = {Pap, E.},
	PUBLISHER = {North-Holland, Amsterdam},
	YEAR = {2002},
	PAGES = {Vol. I: xii+786 pp.; Vol. II: pp. i--xii and 787--1607},
}

@incollection {AbstrWienersSofancy,
	AUTHOR = {Gross, Leonard},
	TITLE = {Abstract {W}iener spaces},
	BOOKTITLE = {Proc. {F}ifth {B}erkeley {S}ympos. {M}ath. {S}tatist. and
	{P}robability ({B}erkeley, {C}alif., 1965/66), {V}ol. {II}:
	{C}ontributions to {P}robability {T}heory, {P}art 1},
	PAGES = {31--42},
	PUBLISHER = {Univ. California Press, Berkeley, Calif.},
	YEAR = {1967},
}

@book {Coursehomoalgo,
	AUTHOR = {Hilton, Peter John and Stammbach, Urs},
	TITLE = {A course in homological algebra},
	NOTE = {Graduate Texts in Mathematics, Vol. 4},
	PUBLISHER = {Springer-Verlag, New York-Berlin},
	YEAR = {1971},
	PAGES = {ix+338},
}

@article {PettisMeasurbabilityThrm,
	AUTHOR = {Pettis, B. J.},
	TITLE = {On integration in vector spaces},
	JOURNAL = {Trans. Amer. Math. Soc.},
	FJOURNAL = {Transactions of the American Mathematical Society},
	VOLUME = {44},
	YEAR = {1938},
	NUMBER = {2},
	PAGES = {277--304},
}

@book {RyanTEnsorBan,
	AUTHOR = {Ryan, Raymond A.},
	TITLE = {Introduction to tensor products of {B}anach spaces},
	SERIES = {Springer Monographs in Mathematics},
	PUBLISHER = {Springer-Verlag London, Ltd., London},
	YEAR = {2002},
	PAGES = {xiv+225},
}

@article {MixingTopoTransoLp,
	AUTHOR = {Bayart, Fr\'{e}d\'{e}ric and Darji, Udayan B. and Pires, Benito},
	TITLE = {Topological transitivity and mixing of composition operators},
	JOURNAL = {J. Math. Anal. Appl.},
	FJOURNAL = {Journal of Mathematical Analysis and Applications},
	VOLUME = {465},
	YEAR = {2018},
	NUMBER = {1},
	PAGES = {125--139},
}


@article {LeBMOOriginsJohnNirenberg,
	AUTHOR = {John, F. and Nirenberg, L.},
	TITLE = {On functions of bounded mean oscillation},
	JOURNAL = {Comm. Pure Appl. Math.},
	FJOURNAL = {Communications on Pure and Applied Mathematics},
	VOLUME = {14},
	YEAR = {1961},
	PAGES = {415--426},
}


@article {MR1260608,
	AUTHOR = {Krantz, Steven G. and Li, Song-Ying},
	TITLE = {A note on {H}ardy spaces and functions of bounded mean
	oscillation on domains in {${\bf C}^n$}},
	JOURNAL = {Michigan Math. J.},
	FJOURNAL = {Michigan Mathematical Journal},
	VOLUME = {41},
	YEAR = {1994},
	NUMBER = {1},
	PAGES = {51--71},
}



@article {HypercylicVolteroski,
	AUTHOR = {Montes-Rodr\'{\i}guez, Alfonso and Rodr\'{\i}guez-Mart\'{\i}nez, Alejandro
	and Shkarin, Stanislav},
	TITLE = {Cyclic behaviour of {V}olterra composition operators},
	JOURNAL = {Proc. Lond. Math. Soc. (3)},
	FJOURNAL = {Proceedings of the London Mathematical Society. Third Series},
	VOLUME = {103},
	YEAR = {2011},
	NUMBER = {3},
	PAGES = {535--562},
}



@incollection {abdenur2012topological,
	AUTHOR = {Abdenur, Flavio and Crovisier, Sylvain},
	TITLE = {Transitivity and topological mixing for {$C^1$}
	diffeomorphisms},
	BOOKTITLE = {Essays in mathematics and its applications},
	PAGES = {1--16},
	PUBLISHER = {Springer, Heidelberg},
	YEAR = {2012},
}


@article{cuth2017isometric,
	AUTHOR = {C\'{u}th, Marek and Kalenda, Ond\v{r}ej F. K. and Kaplick\'{y}, Petr},
	TITLE = {Isometric representation of {L}ipschitz-free spaces over
	convex domains in finite-dimensional spaces},
	JOURNAL = {Mathematika},
	FJOURNAL = {Mathematika. A Journal of Pure and Applied Mathematics},
	VOLUME = {63},
	YEAR = {2017},
	NUMBER = {2},
	PAGES = {538--552},
}


@article {ArensEells,
	AUTHOR = {Arens, Richard F. and Eells, Jr., James},
	TITLE = {On embedding uniform and topological spaces},
	JOURNAL = {Pacific J. Math.},
	FJOURNAL = {Pacific Journal of Mathematics},
	VOLUME = {6},
	YEAR = {1956},
	PAGES = {397--403},
}




@article {HyperLipschitz,
	AUTHOR = {Dubey, M. V. and Mozhyrovska, Z. H. and Zagorodnyuk, A. V.},
	TITLE = {Hypercyclic operators on {L}ipschitz spaces},
	JOURNAL = {Mat. Stud.},
	FJOURNAL = {Matematichn\={\i} Stud\={\i}\"{\i}. Prats\={\i} L\cprime v\={\i}vs\cprime kogo Matematichnogo
	Tovaristva},
	VOLUME = {39},
	YEAR = {2013},
	NUMBER = {1},
	PAGES = {103--106},
}
@book {QuantumDirac,
	AUTHOR = {Dirac, P. A. M.},
	TITLE = {The {P}rinciples of {Q}uantum {M}echanics},
	NOTE = {3d ed},
	PUBLISHER = {Oxford, at the Clarendon Press},
	YEAR = {1947},
	PAGES = {xii+311},
}
@book {SchwartzLaurentTheoriesdesdistributions,
	AUTHOR = {Schwartz, Laurent},
	TITLE = {Th\'{e}orie des distributions},
	SERIES = {Publications de l'Institut de Math\'{e}matique de l'Universit\'{e} de
	Strasbourg, No. IX-X. Nouvelle \'{e}dition, enti\'{e}rement corrig\'{e}e,
	refondue et augment\'{e}e},
	PUBLISHER = {Hermann, Paris},
	YEAR = {1966},
	PAGES = {xiii+420},
}


@incollection {MR2648460,
	AUTHOR = {Filipovi\'{c}, Damir and Mayerhofer, Eberhard},
	TITLE = {Affine diffusion processes: theory and applications},
	BOOKTITLE = {Advanced financial modelling},
	SERIES = {Radon Ser. Comput. Appl. Math.},
	VOLUME = {8},
	PAGES = {125--164},
	PUBLISHER = {Walter de Gruyter, Berlin},
	YEAR = {2009},
}

@article {MR3313754,
	AUTHOR = {Keller-Ressel, Martin and Mayerhofer, Eberhard},
	TITLE = {Exponential moments of affine processes},
	JOURNAL = {Ann. Appl. Probab.},
	FJOURNAL = {The Annals of Applied Probability},
	VOLUME = {25},
	YEAR = {2015},
	NUMBER = {2},
	PAGES = {714--752},
	ISSN = {1050-5164},
}

@article {JorgeMujica,
	AUTHOR = {Mujica, Jorge},
	TITLE = {Holomorphic functions on {B}anach spaces},
	JOURNAL = {Note Mat.},
	FJOURNAL = {Note di Matematica},
	VOLUME = {25},
	YEAR = {2005/06},
	NUMBER = {2},
	PAGES = {113--138},
}

@article {AronTensionya,
	AUTHOR = {Aron, Richard M.},
	TITLE = {Tensor products of holomorphic functions},
	JOURNAL = {Nederl. Akad. Wetensch. Proc. Ser. A {\bf 76} = Indag. Math.},
	VOLUME = {35},
	YEAR = {1973},
	PAGES = {192--202},
}

@incollection {AronHyp,
	AUTHOR = {Aron, Richard and B\`es, Juan},
	TITLE = {Hypercyclic differentiation operators},
	BOOKTITLE = {Function spaces ({E}dwardsville, {IL}, 1998)},
	SERIES = {Contemp. Math.},
	VOLUME = {232},
	PAGES = {39--46},
	PUBLISHER = {Amer. Math. Soc., Providence, RI},
	YEAR = {1999},
}





@book {mac1995c,
	AUTHOR = {MacLane, Saunders},
	TITLE = {Homology},
	EDITION = {first},
	NOTE = {Die Grundlehren der mathematischen Wissenschaften, Band 114},
	PUBLISHER = {Springer-Verlag, Berlin-New York},
	YEAR = {1967},
	PAGES = {x+422},
}

@book{mac1998categories,
	AUTHOR = {MacLane, Saunders},
	TITLE = {Categories for the working mathematician},
	NOTE = {Graduate Texts in Mathematics, Vol. 5},
	PUBLISHER = {Springer-Verlag, New York-Berlin},
	YEAR = {1971},
	PAGES = {ix+262},
}
@book{loday1998cyclic,
	AUTHOR = {Loday, Jean-Louis},
	TITLE = {Cyclic homology},
	SERIES = {Grundlehren der Mathematischen Wissenschaften [Fundamental
	Principles of Mathematical Sciences]},
	VOLUME = {301},
	EDITION = {Second},
	PUBLISHER = {Springer-Verlag, Berlin},
	YEAR = {1998},
	PAGES = {xx+513},
}

@book{lam1991first,
	AUTHOR = {Lam, T. Y.},
	TITLE = {A first course in noncommutative rings},
	SERIES = {Graduate Texts in Mathematics},
	VOLUME = {131},
	EDITION = {Second},
	PUBLISHER = {Springer-Verlag, New York},
	YEAR = {2001},
	PAGES = {xx+385},
}
@incollection {krahmer2006poincare,
	AUTHOR = {Kr\"{a}hmer, U.},
	TITLE = {Poincar\'{e} duality in {H}ochschild (co)homology},
	BOOKTITLE = {New techniques in {H}opf algebras and graded ring theory},
	PAGES = {117--125},
	PUBLISHER = {K. Vlaam. Acad. Belgie Wet. Kunsten (KVAB), Brussels},
	YEAR = {2007},
}

@article {hochildrelative1956,
	AUTHOR = {Hochschild, G.},
	TITLE = {Relative homological algebra},
	JOURNAL = {Trans. Amer. Math. Soc.},
	FJOURNAL = {Transactions of the American Mathematical Society},
	VOLUME = {82},
	YEAR = {1956},
	PAGES = {246--269},
}

@article{hochschild1945onhcomology,
	AUTHOR = {Hochschild, G.},
	TITLE = {On the cohomology groups of an associative algebra},
	JOURNAL = {Ann. of Math. (2)},
	FJOURNAL = {Annals of Mathematics. Second Series},
	VOLUME = {46},
	YEAR = {1945},
	PAGES = {58--67},
}

@article {hochschild1958note,
	AUTHOR = {Hochschild, G.},
	TITLE = {Note on relative homological dimension},
	JOURNAL = {Nagoya Math. J.},
	FJOURNAL = {Nagoya Mathematical Journal},
	VOLUME = {13},
	YEAR = {1958},
	PAGES = {89--94},
}

@book {hilton1971course,
	AUTHOR = {Hilton, P. J. and Stammbach, U.},
	TITLE = {A course in homological algebra},
	SERIES = {Graduate Texts in Mathematics},
	VOLUME = {4},
	EDITION = {Second},
	PUBLISHER = {Springer-Verlag, New York},
	YEAR = {1997},
	PAGES = {xii+364},
}

@book {hartshorne1977algebraic,
	AUTHOR = {Hartshorne, Robin},
	TITLE = {Algebraic geometry},
	NOTE = {Graduate Texts in Mathematics, No. 52},
	PUBLISHER = {Springer-Verlag, New York-Heidelberg},
	YEAR = {1977},
	PAGES = {xvi+496},
}

@book {RingsandThings,
	AUTHOR = {Faith, Carl},
	TITLE = {Rings and things and a fine array of twentieth century
	associative algebra},
	SERIES = {Mathematical Surveys and Monographs},
	VOLUME = {65},
	PUBLISHER = {American Mathematical Society, Providence, RI},
	YEAR = {1999},
	PAGES = {xxxiv+422},
}

@book {springer2010linear,
	AUTHOR = {Springer, T. A.},
	TITLE = {Linear algebraic groups},
	SERIES = {Modern Birkh\"{a}user Classics},
	EDITION = {second},
	PUBLISHER = {Birkh\"{a}user Boston, Inc., Boston, MA},
	YEAR = {2009},
	PAGES = {xvi+334},
}

@article{sekiyama1979trivial,
	AUTHOR = {Sekiyama, Hideaki},
	TITLE = {Trivial extension of a ring with balanced condition},
	JOURNAL = {Proc. Amer. Math. Soc.},
	FJOURNAL = {Proceedings of the American Mathematical Society},
	VOLUME = {77},
	YEAR = {1979},
	NUMBER = {1},
	PAGES = {1--6},
}

@book {rotman1979introduction,
	AUTHOR = {Rotman, Joseph J.},
	TITLE = {An introduction to homological algebra},
	SERIES = {Universitext},
	EDITION = {Second},
	PUBLISHER = {Springer, New York},
	YEAR = {2009},
	PAGES = {xiv+709},
}

@article{leshno1993multilayer,
	title={Multilayer feedforward networks with a nonpolynomial activation function can approximate any function},
	author={Leshno, Moshe and Lin, Vladimir Ya and Pinkus, Allan and Schocken, Shimon},
	journal={Neural networks},
	volume={6},
	number={6},
	pages={861--867},
	year={1993},
	publisher={Elsevier}
}


@article {MR74800,
	AUTHOR = {Takeda, Zir\^{o}},
	TITLE = {Inductive limit and infinite direct product of operator
	algebras},
	JOURNAL = {Tohoku Math. J. (2)},
	FJOURNAL = {The Tohoku Mathematical Journal. Second Series},
	VOLUME = {7},
	YEAR = {1955},
	PAGES = {67--86},
}
@article {Assouad,
	AUTHOR = {Assouad, Patrice},
	TITLE = {\'{E}tude d'une dimension m\'{e}trique li\'{e}e \`a la possibilit\'{e} de
	plongements dans {${\bf R}^{n}$}},
	JOURNAL = {C. R. Acad. Sci. Paris S\'{e}r. A-B},
	FJOURNAL = {Comptes Rendus Hebdomadaires des S\'{e}ances de l'Acad\'{e}mie des
	Sciences. S\'{e}ries A et B},
	VOLUME = {288},
	YEAR = {1979},
	NUMBER = {15},
	PAGES = {A731--A734},
}

@article {Existence3,
	AUTHOR = {Le\'{o}n-Saavedra, Fernando and Montes-Rodr\'{\i}guez, Alfonso},
	TITLE = {Linear structure of hypercyclic vectors},
	JOURNAL = {J. Funct. Anal.},
	FJOURNAL = {Journal of Functional Analysis},
	VOLUME = {148},
	YEAR = {1997},
	NUMBER = {2},
	PAGES = {524--545},
}


@article {Existence2,
	AUTHOR = {Ansari, Shamim I.},
	TITLE = {Existence of hypercyclic operators on topological vector
	spaces},
	JOURNAL = {J. Funct. Anal.},
	FJOURNAL = {Journal of Functional Analysis},
	VOLUME = {148},
	YEAR = {1997},
	NUMBER = {2},
	PAGES = {384--390},
}


@article {Existence1,
	AUTHOR = {Bernal-Gonz\'{a}lez, Luis},
	TITLE = {On hypercyclic operators on {B}anach spaces},
	JOURNAL = {Proc. Amer. Math. Soc.},
	FJOURNAL = {Proceedings of the American Mathematical Society},
	VOLUME = {127},
	YEAR = {1999},
	NUMBER = {4},
	PAGES = {1003--1010},
}

@article{knaster1921ensembles,
	title={Sur les ensembles connexes},
	author={Knaster, Bronis{\l}aw and Kuratowski, Kazimierz},
	journal={Fundamenta Mathematicae},
	volume={1},
	number={2},
	pages={206--255},
	year={1921}
}




@article {KUNENSetTheory,
	AUTHOR = {Henson, C. Ward},
	TITLE = {Book {R}eview: {S}et theory, {A}n introduction to independence
	proofs},
	JOURNAL = {Bull. Amer. Math. Soc. (N.S.)},
	FJOURNAL = {American Mathematical Society. Bulletin. New Series},
	VOLUME = {10},
	YEAR = {1984},
	NUMBER = {1},
	PAGES = {129--131},
}

@article{birkhoff1922surface,
	title={Surface transformations and their dynamical applications},
	author={Birkhoff, George D},
	journal={Acta Mathematica},
	volume={43},
	number={1},
	pages={1--119},
	year={1922},
	publisher={Springer}
}


@book{grosse1987holomorphe,
	title={Holomorphe monster und universelle Funktionen},
	author={Gro{\ss}e-Erdmann, Karl-Goswin},
	number={176},
	year={1987},
	publisher={Selbstverlag des Mathematischen Instituts}
}


@article {HerzogHypercyclicColterra,
	AUTHOR = {Herzog, Gerd and Weber, Andreas},
	TITLE = {A class of hypercyclic {V}olterra composition operators},
	JOURNAL = {Demonstratio Math.},
	FJOURNAL = {Demonstratio Mathematica},
	VOLUME = {39},
	YEAR = {2006},
}

@book {weibel1995introduction,
	AUTHOR = {Weibel, Charles A.},
	TITLE = {An introduction to homological algebra},
	SERIES = {Cambridge Studies in Advanced Mathematics},
	VOLUME = {38},
	PUBLISHER = {Cambridge University Press, Cambridge},
	YEAR = {1994},
	PAGES = {xiv+450},
}


@article {van1998relation,
	AUTHOR = {van den Bergh, Michel},
	TITLE = {A relation between {H}ochschild homology and cohomology for
	{G}orenstein rings},
	JOURNAL = {Proc. Amer. Math. Soc.},
	FJOURNAL = {Proceedings of the American Mathematical Society},
	VOLUME = {126},
	YEAR = {1998},
	NUMBER = {5},
	PAGES = {1345--1348},
}

@article{suarez2002algebra,
	AUTHOR = {Alvarez, Mariano Suarez},
	TITLE = {Algebra structure on the {H}ochschild cohomology of the ring
	of invariants of a {W}eyl algebra under a finite group},
	JOURNAL = {J. Algebra},
	FJOURNAL = {Journal of Algebra},
	VOLUME = {248},
	YEAR = {2002},
	NUMBER = {1},
	PAGES = {291--306},
}

@article{fletcher2003statistics,
	author = {P. Thomas Fletcher and Suresh Venkatasubramanian and Sarang Joshi},
	title = {The geometric median on Riemannian manifolds with application to robust atlas estimation},
	journal = {NeuroImage},
	volume = {45},
	number = {1},
	pages = {S143 - S152},
	year = {2009},
	note = {Mathematics in Brain Imaging},
}

@article{akhtar2018threat,
	author = {Zhang, Wei Emma and Sheng, Quan Z. and Alhazmi, Ahoud and Li, Chenliang},
	title = {Adversarial Attacks on Deep-Learning Models in Natural Language Processing: A Survey},
	year = {2020},
	issue_date = {May 2020},
	publisher = {Association for Computing Machinery},
	address = {New York, NY, USA},
	volume = {11},
	number = {3},
	journal = {ACM Trans. Intell. Syst. Technol.},
	articleno = {24},
	numpages = {41},
}

@article{plis2014deep,
	AUTHOR={Plis, Sergey M. et. al.},   
	TITLE={Deep learning for neuroimaging: a validation study},      	
	FJOURNAL={Frontiers in Neuroscience},      
	JOURNAL={Front. Neurosci.},
	VOLUME={8},      
	PAGES={229},    
	YEAR={2014},      
}


@article{horvath2020deep,
	author = {Horvath, Blanka and Muguruza, Aitor and Tomas, Mehdi},
	title = {Deep learning volatility: a deep neural network perspective on pricing and calibration in (rough) volatility models},
	journal = {Quantitative Finance},
	volume = {0},
	number = {0},
	pages = {1-17},
	year  = {2020},
	publisher = {Routledge},
}

@article{cuchiero2020generative,
	author={Cuchiero, Christa and Khosrawi, Wahid and Teichmann, Josef}, 
	title={A Generative Adversarial Network Approach to Calibration of Local Stochastic Volatility Models}, 
	volume={8}, 
	number={4}, 
	journal={Risks}, 
	publisher={MDPI AG}, 
	year={2020}, 
	pages={101}
}

@article{kratsios2017arbitrage,
	author={Kratsios, Anastasis and Hyndman, Cody}, 
	title={Deep Arbitrage-Free Learning in a Generalized {HJM} Framework via Arbitrage-Regularization}, 
	volume={8}, 
	number={2}, 
	journal={Risks}, 
	publisher={MDPI AG}, 
	year={2020}, 
	pages={40},
}

@article{becker2019deep,
	AUTHOR = {Becker, Sebastian and Cheridito, Patrick and Jentzen, Arnulf},
	TITLE = {Deep optimal stopping},
	JOURNAL = {J. Mach. Learn. Res.},
	FJOURNAL = {Journal of Machine Learning Research (JMLR)},
	VOLUME = {20},
	YEAR = {2019},
	PAGES = {Paper No. 74, 25},
}


@article{buehler2019deep,
	AUTHOR = {Buehler, H. and Gonon, L. and Teichmann, J. and Wood, B.},
	TITLE = {Deep hedging},
	JOURNAL = {Quant. Finance},
	FJOURNAL = {Quantitative Finance},
	VOLUME = {19},
	YEAR = {2019},
	NUMBER = {8},
	PAGES = {1271--1291},
}

@article{eraslan2019deep,
	title={Deep learning: new computational modelling techniques for genomics},
	author={Eraslan, G{\"o}kcen and Avsec, {\v{Z}}iga and Gagneur, Julien and Theis, Fabian J},
	fjournal={Nature Reviews Genetics},
	volume={20},
	number={7},
	pages={389--403},
	year={2019},
	publisher={Nature Publishing Group},
	journal={Nat Rev Genet},
}

@article{webb2018deep,
	title={Deep learning for biology},
	author={Webb, Sarah},
	journal={Nature},
	volume={554},
	number={7693},
	year={2018},
	publisher={Nature Publishing Group}
}

@article{koopman1931hamiltonian,
	author = {Koopman, B. O.},
	title = {Hamiltonian Systems and Transformation in Hilbert Space},
	volume = {17},
	number = {5},
	pages = {315--318},
	year = {1931},
	publisher = {National Academy of Sciences},
	issn = {0027-8424},
	journal = {Proceedings of the National Academy of Sciences}
}

@article{pinkus1999approximation,
	AUTHOR = {Pinkus, Allan},
	TITLE = {Approximation theory of the {MLP} model in neural networks},
	BOOKTITLE = {Acta numerica, 1999},
	SERIES = {Acta Numer.},
	VOLUME = {8},
	PAGES = {143--195},
	PUBLISHER = {Cambridge Univ. Press, Cambridge},
	YEAR = {1999},
}


@article{Swishramachandran2017searching,
	title={Searching for Activation Functions},
	author={Prajit Ramachandran, Barret Zoph, Quoc V. Le},
	year={2018},
	journal={ICLR},
	fjournal={International Conference on Learning Representations},
}



@inproceedings{ganea2018hyperbolic,
	author = {Ganea, Octavian and Becigneul, Gary and Hofmann, Thomas},
	booktitle = {Advances in Neural Information Processing Systems},
	editor = {S. Bengio and H. Wallach and H. Larochelle and K. Grauman and N. Cesa-Bianchi and R. Garnett},
	pages = {5345--5355},
	publisher = {Curran Associates, Inc.},
	title = {Hyperbolic Neural Networks},
	volume = {31},
	year = {2018}
}


@article{bayraktar2006projecting,
	title={Projecting the forward rate flow onto a finite dimensional manifold},
	author={Bayraktar, Erhan and Chen, Li and Poor, H Vincent},
	journal={International Journal of Theoretical and Applied Finance},
	volume={9},
	number={05},
	pages={777--785},
	year={2006},
	publisher={World Scientific}
}

@article{fletcher2011geodesic,
	AUTHOR = {Fletcher, P. Thomas},
	TITLE = {Geodesic regression and the theory of least squares on
	{R}iemannian manifolds},
	JOURNAL = {Int. J. Comput. Vis.},
	FJOURNAL = {International Journal of Computer Vision},
	VOLUME = {105},
	YEAR = {2013},
	NUMBER = {2},
	PAGES = {171--185},
}


@article{hornik1989multilayer,
	author = {Hornik, K. and Stinchcombe, M. and White, H.},
	title = {Multilayer Feedforward Networks Are Universal Approximators},
	year = {1989},
	issue_date = {1989},
	publisher = {Elsevier Science Ltd.},
	address = {GBR},
	volume = {2},
	number = {5},
	journal = {Neural Netw.},
	month = jul,
	pages = {359-366},
	numpages = {8}
}





@book {OsborneLCSs2014,
	AUTHOR = {Osborne, M. Scott},
	TITLE = {Locally convex spaces},
	SERIES = {Graduate Texts in Mathematics},
	VOLUME = {269},
	PUBLISHER = {Springer, Cham},
	YEAR = {2014},
	PAGES = {viii+213},
}

@article{narayanaswami1986spacesLBSpacesNeverMetrizable,
	AUTHOR = {Narayanaswami, P. P. and Saxon, Stephen A.},
	TITLE = {({LF})-spaces, quasi-{B}aire spaces and the strongest locally
	convex topology},
	JOURNAL = {Math. Ann.},
	FJOURNAL = {Mathematische Annalen},
	VOLUME = {274},
	YEAR = {1986},
	NUMBER = {4},
	PAGES = {627--641},
}


@article {SaxonNarayanaswamiLFnotMetrizable,
	AUTHOR = {Narayanaswami, P. P. and Saxon, Stephen A.},
	TITLE = {({LF})-spaces, quasi-{B}aire spaces and the strongest locally
	convex topology},
	JOURNAL = {Math. Ann.},
	FJOURNAL = {Mathematische Annalen},
	VOLUME = {274},
	YEAR = {1986},
	NUMBER = {4},
	PAGES = {627--641},
}


@book {NagataTopologyGen,
	AUTHOR = {Nagata, Jun-iti},
	TITLE = {Modern general topology},
	EDITION = {revised},
	NOTE = {Bibliotheca Mathematica, Vol. VII},
	PUBLISHER = {North-Holland Publishing Co., Amsterdam-London;
	Wolters-Noordhoff Publishing, Groningen; American Elsevier
	Publishing Co., New York},
	YEAR = {1974},
	PAGES = {x+365},
}

@article{floret1973folgenretraktivezzzStrictproperIndLimLCSnotMetrizable,
	AUTHOR = {Floret, Klaus},
	TITLE = {Folgenretraktive {S}equenzen lokalkonvexer {R}\"{a}ume},
	JOURNAL = {J. Reine Angew. Math.},
	FJOURNAL = {Journal f\"{u}r die Reine und Angewandte Mathematik. [Crelle's
	Journal]},
	VOLUME = {259},
	YEAR = {1973},
	PAGES = {65--85}
}


@book{munkres2014topology,
	AUTHOR = {Munkres, James R.},
	TITLE = {Topology},
	NOTE = {Second edition},
	PUBLISHER = {Prentice Hall, Inc., Upper Saddle River, NJ},
	YEAR = {2000},
	PAGES = {xvi+537},
}

@article{basso2020extending,
	title={Extending and improving conical bicombings}, 
	author={Giuliano Basso},
	year={2020},
	eprint={2005.13941},
	journal={preprint},
	archivePrefix={arXiv},
	primaryClass={math.MG}
}

@article {strutureLipschitzFreespaces,
	AUTHOR = {C\'{u}th, Marek and Doucha, Michal and Wojtaszczyk, Przemys\l aw},
	TITLE = {On the structure of {L}ipschitz-free spaces},
	JOURNAL = {Proc. Amer. Math. Soc.},
	FJOURNAL = {Proceedings of the American Mathematical Society},
	VOLUME = {144},
	YEAR = {2016},
	NUMBER = {9},
	PAGES = {3833--3846},
}

@article {VolbergKonyagin1987Conversedoublingmeasures,
	AUTHOR = {Vol'berg, A. L. and Konyagin, S. V.},
	TITLE = {On measures with the doubling condition},
	JOURNAL = {Izv. Akad. Nauk SSSR Ser. Mat.},
	FJOURNAL = {Izvestiya Akademii Nauk SSSR. Seriya Matematicheskaya},
	VOLUME = {51},
	YEAR = {1987},
	NUMBER = {3},
	PAGES = {666--675},
}

@article {GodefroyLipfReeBan,
	AUTHOR = {Godefroy, Gilles},
	TITLE = {A survey on {L}ipschitz-free {B}anach spaces},
	JOURNAL = {Comment. Math.},
	FJOURNAL = {Commentationes Mathematicae. Annals of the Polish Mathematical
	Society. Series I},
	VOLUME = {55},
	YEAR = {2015},
	NUMBER = {2},
	PAGES = {89--118},
	ISSN = {2080-1211},
}




@article {DoublingCarriesDoublingLuukainenSaksman,
	AUTHOR = {Luukkainen, Jouni and Saksman, Eero},
	TITLE = {Every complete doubling metric space carries a doubling
	measure},
	JOURNAL = {Proc. Amer. Math. Soc.},
	FJOURNAL = {Proceedings of the American Mathematical Society},
	VOLUME = {126},
	YEAR = {1998},
	NUMBER = {2},
	PAGES = {531--534},
	ISSN = {0002-9939},
}



@incollection {LyonsMFG,
	AUTHOR = {Gu\'eant, Olivier and Lasry, Jean-Michel and Lions,
	Pierre-Louis},
	TITLE = {Mean field games and applications},
	BOOKTITLE = {Paris-{P}rinceton {L}ectures on {M}athematical {F}inance 2010},
	SERIES = {Lecture Notes in Math.},
	VOLUME = {2003},
	PAGES = {205--266},
	PUBLISHER = {Springer, Berlin},
	YEAR = {2011},
}



@book {InformationGeoJost,
	AUTHOR = {Ay, Nihat and Jost, J\"urgen and L\^e, H\^ong V\^an and Schwachh\"ofer,
	Lorenz},
	TITLE = {Information geometry},
	SERIES = {Ergebnisse der Mathematik und ihrer Grenzgebiete. 3. Folge. A
	Series of Modern Surveys in Mathematics [Results in
	Mathematics and Related Areas. 3rd Series. A Series of Modern
	Surveys in Mathematics]},
	VOLUME = {64},
	PUBLISHER = {Springer, Cham},
	YEAR = {2017},
	PAGES = {xi+407},
}


@incollection {godefroy2003lipschitz,
	AUTHOR = {Godefroy, G. and Kalton, N. J.},
	TITLE = {Lipschitz-free {B}anach spaces},
	NOTE = {Dedicated to Professor Aleksander Pe\l czy\'{n}ski on the occasion
	of his 70th birthday},
	JOURNAL = {Studia Math.},
	FJOURNAL = {Studia Mathematica},
	VOLUME = {159},
	YEAR = {2003},
	NUMBER = {1},
	PAGES = {121--141},
}

@article {barron1993universal,
	AUTHOR = {Barron, Andrew R.},
	TITLE = {Universal approximation bounds for superpositions of a
	sigmoidal function},
	JOURNAL = {IEEE Trans. Inform. Theory},
	FJOURNAL = {Institute of Electrical and Electronics Engineers.
	Transactions on Information Theory},
	VOLUME = {39},
	YEAR = {1993},
	NUMBER = {3},
	PAGES = {930--945},
}


@book{klenke2013probability,
	AUTHOR = {Klenke, Achim},
	TITLE = {Probability theory},
	SERIES = {Universitext},
	EDITION = {Second},
	EDITION = {German},
	NOTE = {A comprehensive course},
	PUBLISHER = {Springer, London},
	YEAR = {2014},
	PAGES = {xii+638},
}




@article{srivastava2014dropout,
	author = {Srivastava, Nitish and Hinton, Geoffrey and Krizhevsky, Alex and Sutskever, Ilya and Salakhutdinov, Ruslan},
	title = {Dropout: A Simple Way to Prevent Neural Networks from Overfitting},
	year = {2014},
	issue_date = {January 2014},
	publisher = {JMLR.org},
	volume = {15},
	number = {1},
	journal = {J. Mach. Learn. Res.},
	month = jan,
	pages = {1929–1958},
	numpages = {30},
	keywords = {regularization, model combination, neural networks, deep learning}
}


@book {DeepLearningBook,
	AUTHOR = {Goodfellow, Ian and Bengio, Yoshua and Courville, Aaron},
	TITLE = {Deep learning},
	SERIES = {Adaptive Computation and Machine Learning},
	PUBLISHER = {MIT Press, Cambridge, MA},
	YEAR = {2016},
	PAGES = {xxii+775},
}



@book {JarchowLCSs,
	AUTHOR = {Jarchow, Hans},
	TITLE = {Locally convex spaces},
	NOTE = {Mathematische Leitf\"{a}den. [Mathematical Textbooks]},
	PUBLISHER = {B. G. Teubner, Stuttgart},
	YEAR = {1981},
	PAGES = {548},
}


@article{hornik1990universal,
	author = {Hornik, Kurt and Stinchcombe, Maxwell and White, Halbert},
	title = {Universal Approximation of an Unknown Mapping and Its Derivatives Using Multilayer Feedforward Networks},
	year = {1990},
	issue_date = {1990},
	publisher = {Elsevier Science Ltd.},
	address = {GBR},
	volume = {3},
	number = {5},
	journal = {Neural Netw.},
	month = oct,
	pages = {551–560},
	numpages = {10}
}

@article{hornik1991approximation,
	author = {Kurt Hornik},
	title = {Approximation capabilities of multilayer feedforward networks},
	journal = {Neural Networks},
	volume = {4},
	number = {2},
	pages = {251 - 257},
	year = {1991},
}


@article {SobolevRiemannian,
	AUTHOR = {Korevaar, Nicholas J. and Schoen, Richard M.},
	TITLE = {Sobolev spaces and harmonic maps for metric space targets},
	JOURNAL = {Comm. Anal. Geom.},
	FJOURNAL = {Communications in Analysis and Geometry},
	VOLUME = {1},
	YEAR = {1993},
	NUMBER = {3-4},
	PAGES = {561--659},
}

@article{heinonen2001lectures,
	AUTHOR = {Heinonen, Juha},
	TITLE = {Lectures on analysis on metric spaces},
	SERIES = {Universitext},
	PUBLISHER = {Springer-Verlag, New York},
	YEAR = {2001},
	PAGES = {x+140},
}

@article{focardi2012gamma,
	AUTHOR = {Focardi, Matteo},
	TITLE = {{$\Gamma$}-convergence: a tool to investigate physical
	phenomena across scales},
	JOURNAL = {Math. Methods Appl. Sci.},
	FJOURNAL = {Mathematical Methods in the Applied Sciences},
	VOLUME = {35},
	YEAR = {2012},
	NUMBER = {14},
	PAGES = {1613--1658},
}

@article{dieudonne1949dualite,
	AUTHOR = {Dieudonn\'{e}, Jean and Schwartz, Laurent},
	TITLE = {La dualit\'{e} dans les espaces {$\scr F$} et {$(\scr L\scr F)$}},
	JOURNAL = {Ann. Inst. Fourier (Grenoble)},
	FJOURNAL = {Universit\'{e} de Grenoble. Annales de l'Institut Fourier},
	VOLUME = {1},
	YEAR = {1949},
	PAGES = {61--101 (1950)},
}

@misc{stacksproject,
	author       = {The {Stacks project authors}},
	title        = {The Stacks project},
	howpublished = {\url{https://stacks.math.columbia.edu}},
	year         = {2020},
}

@article {EnnioGammaConvIntro,
	AUTHOR = {De Giorgi, Ennio and Franzoni, Tullio},
	TITLE = {Su un tipo di convergenza variazionale},
	JOURNAL = {Atti Accad. Naz. Lincei Rend. Cl. Sci. Fis. Mat. Natur. (8)},
	FJOURNAL = {Atti della Accademia Nazionale dei Lincei. Rendiconti. Classe
	di Scienze Fisiche, Matematiche e Naturali},
	VOLUME = {58},
	YEAR = {1975},
	NUMBER = {6},
	PAGES = {842--850},
}

@inproceedings{darken1993rate,
	author = {Darken, Christian and Donahue, Michael and Gurvits, Leonid and Sontag, Eduardo},
	title = {Rate of Approximation Results Motivated by Robust Neural Network Learning},
	year = {1993},
	publisher = {Association for Computing Machinery},
	address = {New York, NY, USA},
	booktitle = {Proceedings of the Sixth Annual Conference on Computational Learning Theory},
	pages = {303–309},
	numpages = {7},
}


@book{dal2012introduction,
	AUTHOR = {Dal Maso, Gianni},
	TITLE = {An introduction to {$\Gamma$}-convergence},
	SERIES = {Progress in Nonlinear Differential Equations and their
	Applications},
	VOLUME = {8},
	PUBLISHER = {Birkh\"{a}user Boston, Inc., Boston, MA},
	YEAR = {1993},
	PAGES = {xiv+340},
}

@article{dai2018principal,
	AUTHOR = {Dai, Xiongtao and M\"{u}ller, Hans-Georg},
	TITLE = {Principal component analysis for functional data on
	{R}iemannian manifolds and spheres},
	JOURNAL = {Ann. Statist.},
	FJOURNAL = {The Annals of Statistics},
	VOLUME = {46},
	YEAR = {2018},
	NUMBER = {6B},
	PAGES = {3334--3361},
}




@book{conway2013course,
	AUTHOR = {Conway, John B.},
	TITLE = {A course in functional analysis},
	SERIES = {Graduate Texts in Mathematics},
	VOLUME = {96},
	EDITION = {Second},
	PUBLISHER = {Springer-Verlag, New York},
	YEAR = {1990},
	PAGES = {xvi+399},
}

@article{braides2006handbook,
	author = {Andrea Braides},
	title = {Chapter 2 A handbook of {$\Gamma$}-Convergence},
	editor = {M. Chipot and P. Quittner},
	series = {Handbook of Differential Equations: Stationary Partial Differential Equations},
	publisher = {North-Holland},
	volume = {3},
	pages = {101 - 213},
	year = {2006},
}


@book {BourbakiTopo,
	AUTHOR = {Bourbaki, Nicolas},
	TITLE = {Espaces vectoriels topologiques. {C}hapitres 1 \`a 5},
	EDITION = {New},
	NOTE = {\'{E}l\'{e}ments de math\'{e}matique},
	PUBLISHER = {Masson, Paris},
	YEAR = {1981},
	PAGES = {vii+368},
}

@book {BourbakiTopGen,
	AUTHOR = {Bourbaki, N.},
	TITLE = {\'{E}l\'{e}ments de math\'{e}matique. {T}opologie g\'{e}n\'{e}rale. {C}hapitres 1
	\`a 4},
	PUBLISHER = {Hermann, Paris},
	YEAR = {1971},
	PAGES = {xv+357 pp.},
}

@article{benavides1992weak,
	AUTHOR = {Dom\'{\i}nguez Benavides, Tom\'{a}s},
	TITLE = {Weak uniform normal structure in direct sum spaces},
	JOURNAL = {Studia Math.},
	FJOURNAL = {Studia Mathematica},
	VOLUME = {103},
	YEAR = {1992},
	NUMBER = {3},
	PAGES = {283--290},
}


@article{rosenblatt1958perceptron,
	title={The perceptron: a probabilistic model for information storage and organization in the brain.},
	author={Rosenblatt, Frank},
	fjournal={Psychological review},
	journal={Psych Rev},
	volume={65},
	number={6},
	pages={386},
	year={1958},
	publisher={American Psychological Association}
}


@article{kratsios2020non,
	title={{N}on-{E}uclidean {U}niversal {A}pproximation},
	author={Kratsios, Anastasis and Bilokopytov, Eugene},
	fjournal={Advances in Neural Information Processing Systems 33},
	journal={NeurIPS},
	volume={33},
	year={2020},
}



@book {KreyszigIntroFunctionalandApplications1989,
	AUTHOR = {Kreyszig, Erwin},
	TITLE = {Introductory functional analysis with applications},
	SERIES = {Wiley Classics Library},
	PUBLISHER = {John Wiley \& Sons, Inc., New York},
	YEAR = {1989},
	PAGES = {xvi+688},
}


@book {PerezBonetBarrelLCSs,
	AUTHOR = {P\'{e}rez Carreras, Pedro and Bonet, Jos\'{e}},
	TITLE = {Barrelled locally convex spaces},
	SERIES = {North-Holland Mathematics Studies},
	VOLUME = {131},
	NOTE = {Notas de Matem\'{a}tica [Mathematical Notes], 113},
	PUBLISHER = {North-Holland Publishing Co., Amsterdam},
	YEAR = {1987},
	PAGES = {xvi+512},
}

@article {GrivauxPerscribed,
	AUTHOR = {Grivaux, Sophie},
	TITLE = {Construction of operators with prescribed behaviour},
	JOURNAL = {Arch. Math. (Basel)},
	FJOURNAL = {Archiv der Mathematik},
	VOLUME = {81},
	YEAR = {2003},
	NUMBER = {3},
	PAGES = {291--299},
}

@incollection {GeodefroyKaltonRemembering,
	AUTHOR = {Godefroy, G. and Kalton, N. J.},
	TITLE = {{L}ipschitz-free {B}anach spaces},
	NOTE = {Dedicated to Professor Aleksander Pe\l czy\'{n}ski on the occasion
	of his 70th birthday},
	JOURNAL = {Studia Math.},
	FJOURNAL = {Studia Mathematica},
	VOLUME = {159},
	YEAR = {2003},
	NUMBER = {1},
	PAGES = {121--141},
}



@article {Ansari,
	AUTHOR = {Ansari, Shamim I.},
	TITLE = {Existence of hypercyclic operators on topological vector
	spaces},
	JOURNAL = {J. Funct. Anal.},
	FJOURNAL = {Journal of Functional Analysis},
	VOLUME = {148},
	YEAR = {1997},
	NUMBER = {2},
	PAGES = {384--390},
}

@article {Bernal,
	AUTHOR = {Bernal-Gonz\'{a}lez, Luis},
	TITLE = {On hypercyclic operators on {B}anach spaces},
	JOURNAL = {Proc. Amer. Math. Soc.},
	FJOURNAL = {Proceedings of the American Mathematical Society},
	VOLUME = {127},
	YEAR = {1999},
	NUMBER = {4},
	PAGES = {1003--1010},
}

@article {MR2721045,
	AUTHOR = {Figalli, Alessio},
	TITLE = {{\it {O}ptimal transport: old and new} [book review of
	MR2459454]},
	JOURNAL = {Bull. Amer. Math. Soc. (N.S.)},
	FJOURNAL = {American Mathematical Society. Bulletin. New Series},
	VOLUME = {47},
	YEAR = {2010},
	NUMBER = {4},
	PAGES = {723--727},
}




@article{ambrosio2019linear,
	AUTHOR = {Ambrosio, Luigi and Puglisi, Daniele},
	TITLE = {Linear extension operators between spaces of {L}ipschitz maps
	and optimal transport},
	JOURNAL = {J. Reine Angew. Math.},
	FJOURNAL = {Journal f\"{u}r die Reine und Angewandte Mathematik.},
	VOLUME = {764},
	PAGES = {1--21},
	YEAR = {2020},
}


@article {ArensEelssJMLR,
	AUTHOR = {von Luxburg, Ulrike and Bousquet, Olivier},
	TITLE = {Distance-based classification with {L}ipschitz functions},
	JOURNAL = {J. Mach. Learn. Res.},
	FJOURNAL = {Journal of Machine Learning Research (JMLR)},
	VOLUME = {5},
	YEAR = {2003/04},
	PAGES = {669--695},
}

@inproceedings{zhang2019self,
	title={Self-attention generative adversarial networks},
	author={Zhang, Han and Goodfellow, Ian and Metaxas, Dimitris and Odena, Augustus},
	booktitle={International Conference on Machine Learning},
	pages={7354--7363},
	year={2019},
	organization={PMLR}
}


@article{xu2020cot,
	title={COT-GAN: Generating Sequential Data via Causal Optimal Transport},
	author={Xu, Tianlin and Le, Wenliang and Munn, Michael and Acciaio, Beatrice},
	journal={Advances in Neural Information Processing Systems},
	volume={33},
	year={2020}
}


@article {ArensEells,
	AUTHOR = {Arens, Richard F. and Eells, Jr., James},
	TITLE = {On embedding uniform and topological spaces},
	JOURNAL = {Pacific J. Math.},
	FJOURNAL = {Pacific Journal of Mathematics},
	VOLUME = {6},
	YEAR = {1956},
	PAGES = {397--403},
}



@book {WeaverNice,
	AUTHOR = {Weaver, Nik},
	TITLE = {{L}ipschitz algebras},
	PUBLISHER = {World Scientific Publishing Co. Pte. Ltd., Hackensack, NJ},
	YEAR = {2018},
	PAGES = {xiv+458},
}

@article{petersen2018topological,
	title={Topological properties of the set of functions generated by neural networks of fixed size},
	author={Petersen, Philipp and Raslan, Mones and Voigtlaender, Felix},
	journal={Found Comput Math},
	fjournal={Foundations of Computational Mathematics},
	year={2020},
	doi={10.1007/s10208-020-09461-0},
	publisher={Springer},
	issn={1615-3383}
}


@article{gribonval2019approximation,
	title={Approximation spaces of deep neural networks},
	author={Gribonval, R{\'e}mi and Kutyniok, Gitta and Nielsen, Morten and Voigtlaender, Felix},
	journal={Constr. Approx},
	fjournal={Constructive Approximation},
	year={2020},
	ISSN={14320940},
	volume={forthcoming}
}

@article {MR4070735,
	AUTHOR = {Keller-Ressel, Martin and Nargang, Stephanie},
	TITLE = {Hydra: a method for strain-minimizing hyperbolic embedding of
	network- and distance-based data},
	JOURNAL = {J. Complex Netw.},
	FJOURNAL = {Journal of Complex Networks},
	VOLUME = {8},
	YEAR = {2020},
	NUMBER = {1},
	PAGES = {cnaa002, 18},
}


@article {MR3104017,
	AUTHOR = {Fletcher, P. Thomas},
	TITLE = {Geodesic regression and the theory of least squares on
	{R}iemannian manifolds},
	JOURNAL = {Int. J. Comput. Vis.},
	FJOURNAL = {International Journal of Computer Vision},
	VOLUME = {105},
	YEAR = {2013},
	NUMBER = {2},
	PAGES = {171--185},
}


@article{cuchiero2020discretetime,
	title={Discrete-time signatures and randomness in reservoir computing}, 
	author={Christa Cuchiero and Lukas Gonon and Lyudmila Grigoryeva and Juan-Pablo Ortega and Josef Teichmann},
	year={2020},
	eprint={2010.14615},
	archivePrefix={arXiv},
	journal={pre-print},
}

@article {MR4048990,
	AUTHOR = {Grigoryeva, Lyudmila and Ortega, Juan-Pablo},
	TITLE = {Differentiable reservoir computing},
	JOURNAL = {J. Mach. Learn. Res.},
	FJOURNAL = {Journal of Machine Learning Research (JMLR)},
	VOLUME = {20},
	YEAR = {2019},
	PAGES = {Paper No. 179, 62},
}


@article {MR2274454,
	AUTHOR = {Micchelli, Charles A. and Xu, Yuesheng and Zhang, Haizhang},
	TITLE = {Universal kernels},
	JOURNAL = {J. Mach. Learn. Res.},
	FJOURNAL = {Journal of Machine Learning Research (JMLR)},
	VOLUME = {7},
	YEAR = {2006},
	PAGES = {2651--2667},
}

@article {MR2520802,
	AUTHOR = {Kontorovich, Leonid and Nadler, Boaz},
	TITLE = {Universal kernel-based learning with applications to regular
	languages},
	JOURNAL = {J. Mach. Learn. Res.},
	FJOURNAL = {Journal of Machine Learning Research (JMLR)},
	VOLUME = {10},
	YEAR = {2009},
	PAGES = {1095--1129},
}

@article {MR2426053,
	AUTHOR = {Caponnetto, Andrea and Micchelli, Charles A. and Pontil,
	Massimiliano and Ying, Yiming},
	TITLE = {Universal multi-task kernels},
	JOURNAL = {J. Mach. Learn. Res.},
	FJOURNAL = {Journal of Machine Learning Research (JMLR)},
	VOLUME = {9},
	YEAR = {2008},
	PAGES = {1615--1646},
}



@article{rosenblatt1958perceptron,
	title={The perceptron: a probabilistic model for information storage and organization in the brain.},
	author={Rosenblatt, Frank},
	journal={Psychological review},
	volume={65},
	number={6},
	pages={386},
	year={1958},
	publisher={American Psychological Association}
}


@article{kolmogoroff1957representation,
	AUTHOR = {Kolmogorov, A. N.},
	TITLE = {On the representation of continuous functions of many
	variables by superposition of continuous functions of one
	variable and addition},
	JOURNAL = {Dokl. Akad. Nauk SSSR},
	FJOURNAL = {Doklady Akademii Nauk SSSR},
	VOLUME = {114},
	YEAR = {1957},
	PAGES = {953--956},
}


@misc{tensorflow2015whitepaper,
	title={ {TensorFlow}: Large-Scale Machine Learning on Heterogeneous Systems},
	note={Software available from tensorflow.org},
	author={
	Mart\'{\i}n~Abadi and
	Ashish~Agarwal and
	Paul~Barham and
	Eugene~Brevdo and
	Zhifeng~Chen and
	Craig~Citro and
	Greg~S.~Corrado and
	Andy~Davis and
	Jeffrey~Dean and
	Matthieu~Devin and
	Sanjay~Ghemawat and
	Ian~Goodfellow and
	Andrew~Harp and
	Geoffrey~Irving and
	Michael~Isard and
	Yangqing Jia and
	Rafal~Jozefowicz and
	Lukasz~Kaiser and
	Manjunath~Kudlur and
	Josh~Levenberg and
	Dandelion~Man\'{e} and
	Rajat~Monga and
	Sherry~Moore and
	Derek~Murray and
	Chris~Olah and
	Mike~Schuster and
	Jonathon~Shlens and
	Benoit~Steiner and
	Ilya~Sutskever and
	Kunal~Talwar and
	Paul~Tucker and
	Vincent~Vanhoucke and
	Vijay~Vasudevan and
	Fernanda~Vi\'{e}gas and
	Oriol~Vinyals and
	Pete~Warden and
	Martin~Wattenberg and
	Martin~Wicke and
	Yuan~Yu and
	Xiaoqiang~Zheng},
	year={2015},
}






@book{singer1997abstract,
	AUTHOR = {Singer, Ivan},
	TITLE = {Abstract convex analysis},
	SERIES = {Canadian Mathematical Society Series of Monographs and
	Advanced Texts},
	NOTE = {With a foreword by A. M. Rubinov,
	A Wiley-Interscience Publication},
	PUBLISHER = {John Wiley \& Sons, Inc., New York},
	YEAR = {1997},
	PAGES = {xxii+491},
}









@book{cohn2013measure,
	AUTHOR = {Cohn, Donald L.},
	TITLE = {Measure theory},
	SERIES = {Birkh\"{a}user Advanced Texts: Basler Lehrb\"{u}cher. [Birkh\"{a}user
	Advanced Texts: Basel Textbooks]},
	EDITION = {Second},
	PUBLISHER = {Birkh\"{a}user/Springer, New York},
	YEAR = {2013},
	PAGES = {xxi+457},
}

@book{diening2011lebesgue,
	AUTHOR = {Diening, Lars and Harjulehto, Petteri and H\"{a}st\"{o}, Peter and
	R\ocirc{u}\v{z}i\v{c}ka, Michael},
	TITLE = {Lebesgue and {S}obolev spaces with variable exponents},
	SERIES = {Lecture Notes in Mathematics},
	VOLUME = {2017},
	PUBLISHER = {Springer, Heidelberg},
	YEAR = {2011},
	PAGES = {x+509},
}






@book{biagini2008stochastic,
	AUTHOR = {Biagini, Francesca and Hu, Yaozhong and \O ksendal, Bernt and
	Zhang, Tusheng},
	TITLE = {Stochastic calculus for fractional {B}rownian motion and
	applications},
	SERIES = {Probability and its Applications (New York)},
	PUBLISHER = {Springer-Verlag London, Ltd., London},
	YEAR = {2008},
	PAGES = {xii+329},
}



@misc{ZamanlooyGitHub,
	author = {Behnoosh Zamanlooy},
	title = {{Bagged Localized Networks}},
	year = {2020},
	publisher = {GitHub},
	journal = {GitHub repository},
	howpublished = {\url{https://github.com/bzamanlooy/bln_python}}
}

@misc{kratsiosBagLocGit,
	author = {BLANK},
	title = {Bagged Localization},
	year = {2020},
	publisher = {GitHub},
	journal = {GitHub repository},
	howpublished = {\url{https://github.com/AnastasisKratsios/BaggedLocalizedNetworks/settings}}
}

@article {CatTopTholen,
	AUTHOR = {Tholen, Walter},
	TITLE = {Book {R}eview: {T}heory of topological structures. {A}n
	approach to categorical topology},
	JOURNAL = {Bull. Amer. Math. Soc. (N.S.)},
	FJOURNAL = {American Mathematical Society. Bulletin. New Series},
	VOLUME = {21},
	YEAR = {1989},
	NUMBER = {1},
	PAGES = {149--152},
}



@book{jost2008riemannian,
	AUTHOR = {Jost, J\"{u}rgen},
	TITLE = {Riemannian geometry and geometric analysis},
	SERIES = {Universitext},
	EDITION = {Seventh},
	PUBLISHER = {Springer, Heidelberg},
	YEAR = {2017},
	PAGES = {xiv+697},
}
@article{engelking1977general,
	AUTHOR = {Engelking, Ryszard},
	TITLE = {General topology},
	SERIES = {Sigma Series in Pure Mathematics},
	VOLUME = {6},
	EDITION = {Second},
	NOTE = {Translated from the Polish by the author},
	PUBLISHER = {Heldermann Verlag, Berlin},
	YEAR = {1989},
	PAGES = {viii+529},
}


@article{brown1962locally,
	AUTHOR = {Brown, Morton},
	TITLE = {Locally flat imbeddings of topological manifolds},
	JOURNAL = {Ann. of Math. (2)},
	FJOURNAL = {Annals of Mathematics. Second Series},
	VOLUME = {75},
	YEAR = {1962},
	PAGES = {331--341},
}


@book{absil2009optimization,
	AUTHOR = {Absil, P.-A. and Mahony, R. and Sepulchre, R.},
	TITLE = {Optimization algorithms on matrix manifolds},
	NOTE = {With a foreword by Paul Van Dooren},
	PUBLISHER = {Princeton University Press, Princeton, NJ},
	YEAR = {2008},
	PAGES = {xvi+224},
	ISBN = {978-0-691-13298-3},
}


@book{HirschDifferentialTopology1994,
	AUTHOR = {Hirsch, Morris W.},
	TITLE = {Differential topology},
	SERIES = {Graduate Texts in Mathematics},
	VOLUME = {33},
	NOTE = {Corrected reprint of the 1976 original},
	PUBLISHER = {Springer-Verlag, New York},
	YEAR = {1994},
	PAGES = {x+222},
}

@article{palais1970proper,
	title={When proper maps are closed},
	author={Palais, Richard S},
	journal={Proceedings of the American Mathematical Society},
	volume={24},
	number={4},
	pages={835--836},
	year={1970}
}


@article{bonnabel2013rank,
	AUTHOR = {Bonnabel, Silv\`ere and Collard, Anne and Sepulchre, Rodolphe},
	TITLE = {Rank-preserving geometric means of positive semi-definite
	matrices},
	JOURNAL = {Linear Algebra Appl.},
	FJOURNAL = {Linear Algebra and its Applications},
	VOLUME = {438},
	YEAR = {2013},
	NUMBER = {8},
	PAGES = {3202--3216},
	ISSN = {0024-3795},
}


@book {InfiniteHitchhiker2006,
	AUTHOR = {Aliprantis, Charalambos D. and Border, Kim C.},
	TITLE = {Infinite dimensional analysis},
	EDITION = {Third},
	PUBLISHER = {Springer, Berlin},
	YEAR = {2006},
	PAGES = {xxii+703},
}

@article {BerkovitzLeonardLCSIntegralFunctionals,
	AUTHOR = {Berkovitz, Leonard D.},
	TITLE = {Lower semicontinuity of integral functionals},
	JOURNAL = {Trans. Amer. Math. Soc.},
	FJOURNAL = {Transactions of the American Mathematical Society},
	VOLUME = {192},
	YEAR = {1974},
	PAGES = {51--57},
}


@article {RieszMarkovKakutaniRepresentationTheorem,
	AUTHOR = {Kakutani, Shizuo},
	TITLE = {Concrete representation of abstract {$(M)$}-spaces. ({A}
	characterization of the space of continuous functions.)},
	JOURNAL = {Ann. of Math. (2)},
	FJOURNAL = {Annals of Mathematics. Second Series},
	VOLUME = {42},
	YEAR = {1941},
	PAGES = {994--1024},
}



@book{jostInformationGeometry,
	AUTHOR = {Ay, Nihat and Jost, J\"{u}rgen and L\^{e}, H\^{o}ng V\^{a}n and Schwachh\"{o}fer,
	Lorenz},
	TITLE = {Information geometry},
	SERIES = {Ergebnisse der Mathematik und ihrer Grenzgebiete. 3. Folge. A
	Series of Modern Surveys in Mathematics [Results in
	Mathematics and Related Areas. 3rd Series. A Series of Modern
	Surveys in Mathematics]},
	VOLUME = {64},
	PUBLISHER = {Springer, Cham},
	YEAR = {2017},
	PAGES = {xi+407},
}


@inproceedings{arjovsky2017wasserstein,
	title = 	 {{W}asserstein Generative Adversarial Networks},
	author = 	 {Martin Arjovsky and Soumith Chintala and L{\'e}on Bottou},
	booktitle = 	 {Proceedings of the 34th International Conference on Machine Learning},
	pages = 	 {214--223},
	year = 	 {2017},
	editor = 	 {Doina Precup and Yee Whye Teh},
	volume = 	 {70},
}



@article {LottGeometryWassersteinNonPositive2008,
	AUTHOR = {Lott, John},
	TITLE = {Some geometric calculations on {W}asserstein space},
	JOURNAL = {Comm. Math. Phys.},
	FJOURNAL = {Communications in Mathematical Physics},
	VOLUME = {277},
	YEAR = {2008},
	NUMBER = {2},
	PAGES = {423--437},
	ISSN = {0010-3616},
}


@article {HopfRinow1931,
	AUTHOR = {Hopf, H. and Rinow, W.},
	TITLE = {Ueber den {B}egriff der vollst\"{a}ndigen
	differentialgeometrischen {F}l\"{a}che},
	JOURNAL = {Comment. Math. Helv.},
	FJOURNAL = {Commentarii Mathematici Helvetici},
	VOLUME = {3},
	YEAR = {1931},
	NUMBER = {1},
	PAGES = {209--225},
}


@article{itoh1998dimension,
	title={The dimension of a cut locus on a smooth Riemannian manifold},
	author={Itoh, Jin-ichi and Tanaka, Minoru},
	journal={Tohoku Mathematical Journal, Second Series},
	volume={50},
	number={4},
	pages={571--575},
	year={1998},
}


@book{InnovShapeSpace,
	Author={Various},
	TITLE = {Innovations for shape analysis},
	SERIES = {Mathematics and Visualization},
	NOTE = {Models and algorithms},
	PUBLISHER = {Springer, Heidelberg},
	YEAR = {2013},
	PAGES = {xxiv+496},
}




@book {PollackGuilleminDiffTop,
	AUTHOR = {Guillemin, Victor and Pollack, Alan},
	TITLE = {Differential topology},
	PUBLISHER = {Prentice-Hall, Inc., Englewood Cliffs, N.J.},
	YEAR = {1974},
	PAGES = {xvi+222},
}




@article{SalaHyperbolicTradeoffs,
	title = 	 {Representation Tradeoffs for Hyperbolic Embeddings},
	author = 	 {Sala, Frederic and De Sa, Chris and Gu, Albert and Re, Christopher},
	fjournal = 	 {Proceedings of the 35th International Conference on Machine Learning},
	journal = {ICML},
	pages = 	 {4460--4469},
	year = 	 {2018},
	volume = 	 {80},
}



@article{TerryRandomMatrices,
	AUTHOR = {Tao, Terence and Vu, Van},
	TITLE = {Random matrices: the distribution of the smallest singular
	values},
	JOURNAL = {Geom. Funct. Anal.},
	FJOURNAL = {Geometric and Functional Analysis},
	VOLUME = {20},
	YEAR = {2010},
	NUMBER = {1},
	PAGES = {260--297},
}



@article {BonnabelPSD,
	AUTHOR = {Bonnabel, Silv\`ere and Sepulchre, Rodolphe},
	TITLE = {Riemannian metric and geometric mean for positive semidefinite
	matrices of fixed rank},
	JOURNAL = {SIAM J. Matrix Anal. Appl.},
	FJOURNAL = {SIAM Journal on Matrix Analysis and Applications},
	VOLUME = {31},
	YEAR = {2009},
	NUMBER = {3},
	PAGES = {1055--1070},
}

%My references

@article{Alexander,
    author =       "J. Alexander and A. Hirschowitz",
    title =        "Polynomial interpolation in several variables",
    journal =      "Journal of Algebraic Geometry",
    volume =       "4",
    number =       "4",
    pages =        "201-222",
    year =         "1995",
}

@article{Barron,
    author =       "A.R. Barron",
    title =        "Universal approximation bounds for superpositions of a sigmoidal function",
    journal =      "IEEE transactions on information theory",
    volume =       "39",
    number =       "3",
    pages =        "930-945",
    year =         "1993",
}

@article{manifold,
    author = "M. Chen and H. Jiang and W. Liao and T. Zhao ",
    title = "Efficient approximation of deep ReLU networks for functions defined in low dimensional manifolds",
    journal =  "Advances in Neural Information Processing Systems",
    volume = "32",
    pages = "8174-8184",
    year = "2019",
}



@article{powerdepth,
    author = "I. Daubechies and R. DeVore and S. Foucart and B. Hanin and G. Petrova",
    title = "Nonlinear approximation and (deep) ReLU networks",
    arxiv = "arXiv:1905.02199v1",
    year = "2019",
}

@article{Dreesen,
    author = "P. Dreesen and M. Ishteva and J. Schoukens",
    title = "Decoupling Multivariate Polynomials Using First-Order Information",
    journal = "SIAM Journal on Matrix Analysis and Applications",
    volume = "36",
    number = "2",
    pages = "864-879",
    year = "2015",
}

@misc{Sobo2,
    author = "I. G{\"u}hring and G. Kutyniok and P. Petersen ",
    title = "Error bounds for approximations with deep ReLU neural networks in $W^{s,p}$ norms",
    year = "2019",
    eprint={1902.07896v1},
    archivePrefix={arXiv},
}


@misc{Hanin,
      title={Approximating Continuous Functions by ReLU Nets of Minimal Width}, 
      author={B. Hanin and M. Sellke},
      year={2018},
      eprint={1710.11278},
      archivePrefix={arXiv},
      primaryClass={stat.ML}
}

@article{Hornik,
    author = "K. Hornik",
    title = "Approximation capabilities of multilayer feedforward networks",
    journal = "Neural Networks",
    volume = "4",
    number = "2",
    pages = "251-257",
    year = "1991",
}

@misc{recent,
      title="Advantage of Deep Neural Networks for Estimating Functions with Singularity on Curves", 
      author="M. Imaizumi and K. Fukumizu",
      year="2020",
      eprint="2011.02256",
      archivePrefix="arXiv",
}


@misc{Park,
      title={Minimum Width for Universal Approximation}, 
      author={S. Park and C. Yun and J. Lee and J. Shin},
      year={2020},
      eprint={2006.08859},
      archivePrefix={arXiv},
}

@article{Cybenko,
    AUTHOR = {Cybenko, G.},
     TITLE = {Approximation by superpositions of a sigmoidal function},
   JOURNAL = {Math. Control Signals Systems},
  FJOURNAL = {Mathematics of Control, Signals, and Systems},
    VOLUME = {2},
      YEAR = {1989},
    NUMBER = {4},
     PAGES = {303--314},
      ISSN = {0932-4194},
}


@article{Leshno,
    author = "M. Leshno and V.Y. Lin and A. Pinkus and S. Schocken",
    title = "Multilayer feedforward networks with a nonpolynomial activation function can approximate any function",
    journal = "Neural Networks",
    volume = "6",
    pages = "861-867",
    year = "1993",
}

@article{depthvswidth,
    author = "S.Liang and R. Srikantwhy",
    title = "Why deep neural networks for functional approximation?",
    journal = "5th International Conference on Learning Representations",
    year = "2017",
}


@article{Lu,
    author = "Z. Lu and H. Pu and F. Wang and Z. Hu and L. Wang",
    title = "The expressive power of neural networks: a view from the width",
    journal = "Advances in Neural Information Processing Systems",
    volume = "31",
    pages = "6232–6240",
    year = "2017",
}

@article{McShane,
    author = "E.J McShane",
    title = "Extension of range of functions",
    journal = "Bull. Amer. Math. Soc.",
    volume = "40",
    pages = "837-842",
    year = "1934",
}


@article{disconnected,
    author = "Q. Nguyen and M.C Mukkamala M.C. and M. Hein",
    title = "Neural networks should be wide enough to learn disconnected regions",
    journal = "Proceedings in Machine Learning Research",
    volume = "80",
    pages = "3740-3749",
    year = "2018",
}

@article{papercompet,
    author = "I. Ohn and Y. Kim",
    title = "Smooth function approximation by deep neural networks with general activation functions",
    journal = "Entropy",
    volume = "21",
    pages = "627-648",
    year = "2019",
}

@article{depthbenefit,
    author = "M. Telgarsky",
    title = "Benefits of depth in neural networks",
    journal = "Proceedings in Machine Learning Research",
    volume = "49",
    pages = "1517-1539",
    year = "2016",
}

@article{Saham,
    author = "U. Shaham and A.R Cloninger and R.R Coifman",
    title = "Provable approximation properties for deep neural networks",
    journal = "Applied and Computational Harmonic Analysis",
    volume = "44",
    number = "3",
    pages = "537--557",
    year = "2018",
}

 @InProceedings{pmlrv75yarotsky18a, 
 title = {Optimal approximation of continuous functions by very deep ReLU networks}, author = {Yarotsky, Dmitry}, booktitle = {Proceedings of the 31st Conference On Learning Theory}, pages = {639--649}, year = {2018}, editor = {Sébastien Bubeck and Vianney Perchet and Philippe Rigollet}, volume = {75}, series = {Proceedings of Machine Learning Research}, address = {}, month = {06--09 Jul}, publisher = {PMLR}} 

@article{PinkusMLP,
    author = "A. Pinkus",
    title = "Approximation theory of the MLP model in neural networks",
    journal = "Acta Numerica",
    volume = "8",
    pages = "143-195",
    year = "1999",
}

@misc{Besov,
      title={Adaptivity of deep ReLU network for learning in Besov and mixed smooth Besov spaces: optimal rate and curse of dimensionality}, 
      author={T. Suzuki},
      year={2018},
      eprint={1810.08033},
      archivePrefix={arXiv},
}

@misc{shen,
      title={Deep Network Approximation Characterized by Number of Neurons}, 
      author={Z. Shen and H. Yang and S. Zhang},
      year={2020},
      eprint={1906.05497},
      archivePrefix={arXiv},
}




@book{Cheney,
    author    = "W. Cheney and W. Light",
    title     = "A course in approximation theory",
    year      = "2000",
    publisher = "Graduate Studies in Mathematics, vol. 101, AMS"
}


@book{BookModCOnt,
    author    = "R.A DeVore and G.G. Lorentz",
    title     = "Constructive Approximation",
    year      = "1993",
    publisher = "Grundlehren der mathematischen Wissenschaften, vol. 303, Springer",
}


@book{ApproxTheory,
    author    = "R. Paltanea",
    title     = "Approximation theory using positive linear operators",
    year      = "2004",
    publisher = "Birkhauser",
}

@article{Kgeneral,
    author = "A. Kratsios",
    title = "The universal approximation property",
    journal = "Annals of Mathematics and Artificial Intelligence",
    year = "2020",
}


@article{shapereco,
    author = "J. Masci and D. Boscaini and M. M. Bronstein and P. Vandergheynst",
    title = "Geodesic convolutional neural networks on riemannian manifolds",
    journal = " Proc. IEEE Int. Conf. Comput. Vis. Workshop (ICCVW)",
    pages = "37-45",
    year = "2020",
}

@article{humanmotion1,
    author = "S. Yan and Y. Xiong and D. Lin",
    title = "Spatial temporal graph convolutional networks for skeleton-based action recognition",
    journal = "Proc. 32nd AAAI Conf. Artif. Intell.",
    pages = "1-9",
    year = "2018",
}

@article{humanmotion2,
    author = "A. Jain and A. R. Zamir and S. Savarese and A. Saxena",
    title = "Structural-RNN: Deep learning on spatio-temporal graphs",
    journal = "Proc. IEEE Conf. Comput. Vis. Pattern Recognit. (CVPR)",
    pages = "5308-5317",
    year = "2016",
}

@article{humanmotion3,
    author = "Z. Huang and C. Wan and T. Probst and L. V. Gool",
    title = "Deep learning on lie groups for skeleton-based action recognition",
    journal = "Proc. IEEE Conf. Comput. Vis. Pattern Recognit. (CVPR)",
    pages = "6099-6108",
    year = "2017",
}

@article{biochemistry,
    author = "D. K. Duvenaud and D. Maclaurin and J. Iparraguirre and R. Bombarell and T. Hirzel and A. Aspuru-Guzik and R. P. Adams",
    title = "Convolutional networks on graphs for learning molecular fingerprints",
    journal = "Proc. Adv. Neural Inf. Process. Syst.",
    pages = "2224-2232",
    year = "2015",
}

@article{neuroimaging,
    author = "P. T. Fletcher",
    title = "Geodesic regression and the theory of least squares on Riemannian manifolds",
    journal = "Int. J. Comput. Vis.",
    volume = "105",
    issue = "2",
    pages = "171–185",
    year = "2013",
}


@book {PedersonCstaralgebras2018,
    AUTHOR = {Pedersen, Gert K.},
     TITLE = {{$C^*$}-algebras and their automorphism groups},
    SERIES = {Pure and Applied Mathematics (Amsterdam)},
      NOTE = {Second edition of [ MR0548006],
              Edited and with a preface by S\o ren Eilers and Dorte Olesen},
 PUBLISHER = {Academic Press, London},
      YEAR = {2018},
     PAGES = {xviii+520},
      ISBN = {978-0-12-814122-9},
   MRCLASS = {46Lxx (46-02)},
  MRNUMBER = {3839621},
}
		